市场代码,证券代码,日期,时间,成交价,成交量,总量,成交额,B1价,B1量,B2价,B2量,B3价,B3量,B4价,B4量,B5价,B5量,S1价,S1量,S2价,S2量,S3价,S3量,S4价,S4量,S5价,S5量,BS
SZ,000002,2013-7-29, 9:25:14,9.28,4428,4428,4109184,9.27,74,9.26,292,9.25,315,9.23,26,9.22,84,9.28,540,9.29,4128,9.30,1537,9.31,70,9.32,35,B
SZ,000002,2013-7-29, 9:30:10,9.25,5140,9568,4750403,9.22,10,9.21,3326,9.20,1607,9.19,444,9.18,250,9.25,546,9.26,1540,9.27,5581,9.28,3288,9.29,4038,S
SZ,000002,2013-7-29, 9:30:19,9.25,178,9746,163996,9.22,160,9.21,3173,9.20,1607,9.19,444,9.18,256,9.25,534,9.26,1540,9.27,5377,9.28,4162,9.29,4038,B
SZ,000002,2013-7-29, 9:30:28,9.22,2459,12205,2265263,9.21,1205,9.20,2769,9.19,434,9.18,256,9.17,609,9.22,26,9.24,191,9.25,539,9.26,1540,9.27,5019,S
SZ,000002,2013-7-29, 9:30:31,9.22,26,12231,23972,9.22,71,9.21,1205,9.20,2776,9.19,434,9.18,256,9.24,191,9.25,639,9.26,1540,9.27,4983,9.28,3157,B
SZ,000002,2013-7-29, 9:30:43,9.20,2380,14611,2191653,9.20,2106,9.19,434,9.18,256,9.17,606,9.16,855,9.21,149,9.22,463,9.23,10,9.24,178,9.25,3004,S
SZ,000002,2013-7-29, 9:30:49,9.21,2734,17345,2516314,9.20,411,9.19,434,9.18,256,9.17,606,9.16,857,9.21,967,9.22,463,9.23,10,9.24,188,9.25,2974,B
SZ,000002,2013-7-29, 9:30:55,9.20,459,17804,422280,9.19,434,9.18,326,9.17,606,9.16,857,9.15,2850,9.20,738,9.21,1172,9.22,503,9.23,10,9.24,279,S
SZ,000002,2013-7-29, 9:30:58,9.20,64,17868,58852,9.19,406,9.18,326,9.17,606,9.16,857,9.15,2850,9.20,702,9.21,1172,9.22,589,9.23,10,9.24,279,B
SZ,000002,2013-7-29, 9:31:04,9.19,230,18098,211488,9.19,294,9.18,328,9.17,1356,9.16,907,9.15,2880,9.20,1112,9.21,1145,9.22,589,9.23,10,9.24,345,S
SZ,000002,2013-7-29, 9:31:10,9.19,526,18624,483543,9.18,333,9.17,1356,9.16,907,9.15,2891,9.14,257,9.19,160,9.20,1007,9.21,1140,9.22,599,9.24,325,B
SZ,000002,2013-7-29, 9:31:19,9.19,438,19062,402460,9.18,276,9.17,1359,9.16,998,9.15,2886,9.14,262,9.19,281,9.20,1033,9.21,1150,9.22,599,9.24,325,B
SZ,000002,2013-7-29, 9:31:25,9.19,579,19641,531792,9.18,100,9.17,1369,9.16,1008,9.15,3127,9.14,267,9.19,322,9.20,1044,9.21,996,9.22,599,9.24,260,B
SZ,000002,2013-7-29, 9:31:31,9.17,1913,21554,1754496,9.16,1049,9.15,3142,9.14,279,9.13,216,9.12,789,9.17,12,9.18,20,9.19,973,9.20,1044,9.21,996,S
SZ,000002,2013-7-29, 9:31:37,9.17,1246,22800,1141892,9.16,130,9.15,3172,9.14,279,9.13,216,9.12,788,9.17,351,9.18,1346,9.19,942,9.20,1044,9.21,996,B
SZ,000002,2013-7-29, 9:31:40,9.17,269,23069,246364,9.15,3081,9.14,279,9.13,216,9.12,788,9.11,746,9.16,2,9.17,301,9.18,1365,9.19,757,9.20,1094,B
SZ,000002,2013-7-29, 9:31:49,9.15,1144,24213,1047056,9.16,2,9.15,2201,9.14,282,9.13,216,9.12,803,9.17,751,9.18,1422,9.19,739,9.20,1090,9.21,1129,S
SZ,000002,2013-7-29, 9:31:55,9.17,754,24967,690706,9.16,28,9.15,2082,9.14,316,9.13,216,9.12,803,9.17,742,9.18,1442,9.19,679,9.20,1090,9.21,2904,B
SZ,000002,2013-7-29, 9:32:01,9.16,689,25656,630772,9.15,1884,9.14,316,9.13,215,9.12,824,9.11,869,9.16,129,9.17,714,9.18,1442,9.19,669,9.20,1180,S
SZ,000002,2013-7-29, 9:32:10,9.15,2750,28406,2516714,9.14,184,9.13,965,9.12,824,9.11,882,9.10,1282,9.15,1254,9.16,234,9.17,536,9.18,1547,9.19,669,S
SZ,000002,2013-7-29, 9:32:13,9.15,1212,29618,1108268,9.13,701,9.12,830,9.11,991,9.10,1333,9.09,392,9.15,504,9.16,418,9.17,536,9.18,1557,9.19,669,B
SZ,000002,2013-7-29, 9:32:22,9.15,2268,31886,2069652,9.12,2,9.11,595,9.10,1366,9.09,392,9.08,415,9.15,1478,9.16,2418,9.17,481,9.18,1557,9.19,679,B
SZ,000002,2013-7-29, 9:32:28,9.11,988,32874,901114,9.11,63,9.10,1376,9.09,392,9.08,424,9.07,275,9.14,60,9.15,1510,9.16,2636,9.17,486,9.18,1557,S
SZ,000002,2013-7-29, 9:32:34,9.14,719,33593,654922,9.11,72,9.10,1376,9.09,392,9.08,424,9.07,275,9.14,71,9.15,1559,9.16,2639,9.17,496,9.18,1562,B
SZ,000002,2013-7-29, 9:32:46,9.10,2727,36320,2486276,9.10,1719,9.09,402,9.08,444,9.07,355,9.06,1096,9.11,5,9.12,25,9.14,295,9.15,1444,9.16,2362,S
SZ,000002,2013-7-29, 9:32:49,9.10,343,36663,312560,9.12,70,9.11,38,9.10,1608,9.09,402,9.08,529,9.14,300,9.15,1439,9.16,2362,9.17,494,9.18,1532,B
SZ,000002,2013-7-29, 9:32:58,9.10,3388,40051,3084088,9.09,12,9.08,569,9.07,355,9.06,1117,9.05,632,9.10,2203,9.11,50,9.12,99,9.13,17,9.14,285,B
SZ,000002,2013-7-29, 9:33:04,9.10,1902,41953,1726928,9.08,7,9.06,737,9.05,636,9.04,38,9.03,585,9.10,2372,9.11,52,9.12,141,9.13,79,9.14,285,B
SZ,000002,2013-7-29, 9:33:10,9.05,1800,43753,1633360,9.08,1,9.05,366,9.04,38,9.03,597,9.02,614,9.10,1730,9.11,52,9.12,141,9.13,79,9.14,110,S
SZ,000002,2013-7-29, 9:33:13,9.03,1977,45730,1790200,9.03,35,9.02,860,9.01,2301,9.00,3939,8.99,599,9.10,1596,9.11,52,9.12,141,9.13,79,9.14,120,S
SZ,000002,2013-7-29, 9:33:19,9.10,1795,47525,1623500,9.08,70,9.07,5,9.06,92,9.05,20,9.03,5,9.10,1342,9.11,232,9.12,117,9.13,34,9.14,120,B
SZ,000002,2013-7-29, 9:33:25,9.10,1426,48951,1290072,9.03,933,9.02,966,9.01,2485,9.00,4178,8.99,579,9.10,1283,9.11,232,9.12,107,9.13,34,9.14,120,B
SZ,000002,2013-7-29, 9:33:28,9.06,45,48996,40824,9.05,27,9.04,135,9.03,1243,9.02,1065,9.01,2497,9.06,7,9.08,43,9.10,1277,9.11,232,9.12,107,S
SZ,000002,2013-7-29, 9:33:34,9.06,679,49675,614236,9.06,10,9.05,25,9.04,106,9.03,1167,9.02,1181,9.08,88,9.10,684,9.11,232,9.12,102,9.13,34,B
SZ,000002,2013-7-29, 9:33:40,9.08,231,49906,209664,9.06,100,9.05,1069,9.04,735,9.03,1389,9.02,721,9.08,53,9.09,41,9.10,884,9.11,232,9.12,71,B
SZ,000002,2013-7-29, 9:33:46,9.06,6518,56424,5895852,9.08,10,9.06,147,9.05,1,9.04,5,9.03,24,9.10,565,9.11,52,9.12,71,9.13,52,9.14,120,S
SZ,000002,2013-7-29, 9:33:49,9.05,846,57270,765368,9.05,27,9.02,787,9.01,3997,9.00,5732,8.99,604,9.09,600,9.10,664,9.11,52,9.12,71,9.13,52,S
SZ,000002,2013-7-29, 9:33:58,9.08,5029,62299,4541756,9.08,3,9.06,75,9.05,161,9.04,11,9.03,74,9.09,742,9.10,726,9.11,52,9.12,51,9.13,35,B
SZ,000002,2013-7-29, 9:34:04,9.03,964,63263,871440,9.02,4048,9.01,2462,9.00,5757,8.99,619,8.98,77,9.03,509,9.05,12,9.06,9,9.08,713,9.09,588,S
SZ,000002,2013-7-29, 9:34:10,9.08,2088,65351,1883580,9.07,9,9.06,226,9.04,9,9.03,2989,9.02,2617,9.08,893,9.09,628,9.10,846,9.11,52,9.12,51,B
SZ,000002,2013-7-29, 9:34:19,9.07,6089,71440,5500316,9.05,59,9.04,515,9.03,4213,9.02,2877,9.01,2565,9.07,396,9.08,724,9.09,628,9.10,857,9.11,52,S
SZ,000002,2013-7-29, 9:34:31,9.05,3324,74764,3004184,9.04,3604,9.03,3822,9.02,3272,9.01,2723,9.00,6519,9.05,166,9.06,24,9.07,157,9.08,285,9.09,249,S
SZ,000002,2013-7-29, 9:34:38,9.06,1215,75979,1098664,9.05,132,9.04,4124,9.03,3584,9.02,3832,9.01,3266,9.06,8,9.07,165,9.08,397,9.09,498,9.10,1299,B
SZ,000002,2013-7-29, 9:34:43,9.05,1673,77652,1513904,9.04,3874,9.03,3641,9.02,3882,9.01,3457,9.00,6909,9.05,774,9.07,133,9.08,387,9.09,838,9.10,2662,S
SZ,000002,2013-7-29, 9:34:49,9.04,2652,80304,2400080,9.05,440,9.04,3013,9.03,3876,9.02,3950,9.01,3896,9.08,387,9.09,546,9.10,2730,9.11,52,9.12,132,S
SZ,000002,2013-7-29, 9:34:58,9.07,1563,81867,1415888,9.07,215,9.06,133,9.05,2569,9.04,3068,9.03,4183,9.09,625,9.10,2730,9.11,52,9.12,132,9.13,35,B
SZ,000002,2013-7-29, 9:35:04,9.06,661,82528,599336,9.06,271,9.05,2651,9.04,2503,9.03,4231,9.02,3989,9.08,619,9.09,664,9.10,2730,9.11,52,9.12,132,S
SZ,000002,2013-7-29, 9:35:10,9.07,458,82986,415752,9.06,562,9.05,2917,9.04,2117,9.03,4240,9.02,4043,9.07,363,9.08,510,9.09,664,9.10,2730,9.11,52,B
SZ,000002,2013-7-29, 9:35:19,9.07,3372,86358,3057808,9.06,442,9.05,3125,9.04,2094,9.03,2050,9.02,3927,9.07,298,9.08,16,9.09,664,9.10,2730,9.11,92,B
SZ,000002,2013-7-29, 9:35:25,9.05,2621,88979,2374840,9.07,31,9.06,1,9.05,2436,9.04,2053,9.03,2095,9.09,604,9.10,2710,9.11,92,9.12,147,9.13,33,S
SZ,000002,2013-7-29, 9:35:37,9.07,1207,90186,1095200,9.07,1337,9.06,2910,9.05,2598,9.04,2008,9.03,2059,9.08,225,9.09,821,9.10,2691,9.11,92,9.12,147,B
SZ,000002,2013-7-29, 9:35:40,9.08,75,90261,67840,9.07,1407,9.06,2984,9.05,2575,9.04,2028,9.03,2037,9.08,576,9.09,781,9.10,2691,9.11,92,9.12,147,B
SZ,000002,2013-7-29, 9:35:46,9.07,1236,91497,1121880,9.08,259,9.07,3221,9.06,3013,9.05,2737,9.04,2068,9.09,690,9.10,2691,9.11,92,9.12,147,9.13,33,S
SZ,000002,2013-7-29, 9:35:49,9.09,283,91780,256888,9.08,451,9.07,3421,9.06,3031,9.05,2847,9.04,2068,9.09,689,9.10,2691,9.11,92,9.12,147,9.13,33,B
SZ,000002,2013-7-29, 9:35:55,9.10,3914,95694,3558920,9.08,478,9.07,3197,9.06,2915,9.05,2957,9.04,2074,9.10,393,9.11,92,9.12,147,9.13,1461,9.14,30,B
SZ,000002,2013-7-29, 9:35:58,9.09,244,95938,221592,9.08,562,9.07,3213,9.06,2948,9.05,2969,9.04,2076,9.09,8,9.10,385,9.11,92,9.12,147,9.13,1533,S
SZ,000002,2013-7-29, 9:36:04,9.10,2177,98115,1976856,9.09,144,9.08,59,9.07,2461,9.06,2944,9.05,2994,9.10,1784,9.11,92,9.12,147,9.13,1533,9.14,30,B
SZ,000002,2013-7-29, 9:36:13,9.09,2128,100243,1931576,9.09,36,9.08,1078,9.07,1316,9.06,2584,9.05,3444,9.10,1763,9.11,92,9.12,537,9.13,1550,9.14,10,S
SZ,000002,2013-7-29, 9:36:16,9.09,847,101090,769800,9.09,28,9.08,373,9.07,1382,9.06,2589,9.05,3451,9.10,1796,9.11,92,9.12,549,9.13,1550,9.14,10,B
SZ,000002,2013-7-29, 9:36:25,9.09,492,101582,447680,9.09,71,9.08,1449,9.07,1556,9.06,2721,9.05,3513,9.10,1365,9.11,92,9.12,551,9.13,1556,9.14,10,B
SZ,000002,2013-7-29, 9:36:28,9.09,145,101727,131792,9.08,1473,9.07,1641,9.06,2721,9.05,3517,9.04,2018,9.09,751,9.10,1365,9.11,92,9.12,551,9.13,1556,B
SZ,000002,2013-7-29, 9:36:34,9.09,929,102656,844376,9.08,1461,9.07,1732,9.06,2828,9.05,3722,9.04,2008,9.09,300,9.10,1365,9.11,92,9.12,251,9.13,1556,B
SZ,000002,2013-7-29, 9:36:37,9.09,412,103068,374512,9.08,1489,9.07,1829,9.06,828,9.05,3772,9.04,2008,9.09,896,9.10,1365,9.11,92,9.12,256,9.13,1556,B
SZ,000002,2013-7-29, 9:36:46,9.10,2302,105370,2093784,9.10,313,9.09,316,9.08,1569,9.07,1851,9.06,841,9.11,92,9.12,256,9.13,1570,9.14,10,9.15,1364,B
SZ,000002,2013-7-29, 9:36:55,9.10,1330,106700,1209376,9.09,363,9.08,1849,9.07,1775,9.06,842,9.05,3953,9.10,19,9.11,852,9.12,256,9.13,1570,9.14,10,B
SZ,000002,2013-7-29, 9:36:58,9.10,205,106905,186552,9.09,470,9.08,1901,9.07,1799,9.06,942,9.05,3954,9.10,524,9.11,852,9.12,573,9.13,1570,9.14,10,B
SZ,000002,2013-7-29, 9:37:07,9.10,1094,107999,994952,9.09,496,9.08,1928,9.07,1812,9.06,922,9.05,4132,9.10,261,9.11,902,9.12,637,9.13,1570,9.14,10,B
SZ,000002,2013-7-29, 9:37:13,9.10,1569,109568,1426632,9.09,193,9.08,1403,9.07,1716,9.06,926,9.05,4157,9.10,15,9.11,1121,9.12,337,9.13,1553,9.14,10,B
SZ,000002,2013-7-29, 9:37:19,9.09,933,110501,848512,9.08,1356,9.07,1716,9.06,932,9.05,4147,9.04,2134,9.09,49,9.10,1377,9.11,830,9.12,254,9.13,1553,S
SZ,000002,2013-7-29, 9:37:25,9.10,646,111147,587600,9.09,44,9.08,1303,9.07,1713,9.06,985,9.05,4156,9.10,1225,9.11,139,9.12,254,9.13,1601,9.14,44,B
SZ,000002,2013-7-29, 9:37:31,9.09,756,111903,686984,9.08,469,9.07,1791,9.06,1000,9.05,4163,9.04,2094,9.09,913,9.10,925,9.11,139,9.12,198,9.13,1601,S
SZ,000002,2013-7-29, 9:37:37,9.10,2319,114222,2109016,9.09,237,9.08,582,9.07,1786,9.06,1012,9.05,4271,9.10,236,9.11,133,9.12,198,9.13,1601,9.14,65,B
SZ,000002,2013-7-29, 9:37:43,9.10,401,114623,364744,9.09,226,9.08,746,9.07,934,9.06,1634,9.05,4416,9.10,524,9.11,233,9.12,198,9.13,1563,9.14,65,B
SZ,000002,2013-7-29, 9:37:49,9.10,1538,116161,1398128,9.09,17,9.08,711,9.07,918,9.06,1645,9.05,4555,9.10,433,9.11,233,9.12,198,9.13,1563,9.14,65,B
SZ,000002,2013-7-29, 9:37:55,9.08,1208,117369,1097040,9.07,909,9.06,1646,9.05,4575,9.04,2010,9.03,1792,9.08,532,9.09,698,9.10,258,9.11,236,9.12,198,S
SZ,000002,2013-7-29, 9:37:58,9.08,130,117499,118040,9.07,916,9.06,1717,9.05,4580,9.04,2010,9.03,1792,9.08,530,9.09,829,9.10,258,9.11,236,9.12,198,B
SZ,000002,2013-7-29, 9:38:01,9.08,117,117616,106192,9.07,874,9.06,1717,9.05,4591,9.04,2010,9.03,1790,9.08,505,9.09,882,9.10,258,9.11,136,9.12,198,B
SZ,000002,2013-7-29, 9:38:13,9.07,1333,118949,1209232,9.06,1903,9.05,4600,9.04,1996,9.03,1790,9.02,3626,9.07,871,9.08,453,9.09,782,9.10,444,9.11,133,S
SZ,000002,2013-7-29, 9:38:16,9.07,556,119505,504160,9.06,1764,9.05,4598,9.04,1996,9.03,1790,9.02,3619,9.07,503,9.08,453,9.09,418,9.10,444,9.11,133,B
SZ,000002,2013-7-29, 9:38:22,9.07,396,119901,358984,9.06,1543,9.05,4504,9.04,1896,9.03,1785,9.02,3624,9.07,291,9.08,403,9.09,418,9.10,388,9.11,133,B
SZ,000002,2013-7-29, 9:38:28,9.07,336,120237,305120,9.07,762,9.06,1561,9.05,4540,9.04,1903,9.03,1830,9.08,389,9.09,418,9.10,188,9.11,144,9.12,359,B
SZ,000002,2013-7-29, 9:38:34,9.08,1517,121754,1374832,9.07,17,9.06,1151,9.05,4528,9.04,1903,9.03,1832,9.08,381,9.09,393,9.10,188,9.11,144,9.12,359,B
SZ,000002,2013-7-29, 9:38:43,9.08,338,122092,306968,9.07,25,9.06,1184,9.05,4619,9.04,1903,9.03,1991,9.08,259,9.09,393,9.10,1888,9.11,50,9.12,373,B
SZ,000002,2013-7-29, 9:38:49,9.08,253,122345,229376,9.07,359,9.06,1271,9.05,4649,9.04,1903,9.03,2091,9.08,209,9.09,393,9.10,1888,9.11,50,9.12,373,B
SZ,000002,2013-7-29, 9:38:52,9.08,260,122605,235928,9.07,345,9.06,1571,9.05,4637,9.04,1897,9.03,2075,9.08,208,9.09,393,9.10,1888,9.11,50,9.12,373,B
SZ,000002,2013-7-29, 9:38:58,9.07,487,123092,441584,9.06,1728,9.05,4673,9.04,1897,9.03,2075,9.02,3747,9.07,322,9.08,185,9.09,393,9.10,1888,9.11,70,S
SZ,000002,2013-7-29, 9:39:07,9.07,378,123470,342712,9.06,1633,9.05,4936,9.04,1895,9.03,2083,9.02,3757,9.07,162,9.08,348,9.09,405,9.10,2109,9.11,70,B
SZ,000002,2013-7-29, 9:39:13,9.08,364,123834,330864,9.07,177,9.06,4219,9.05,4943,9.04,1895,9.03,2098,9.08,298,9.09,351,9.10,2081,9.11,70,9.12,364,B
SZ,000002,2013-7-29, 9:39:16,9.07,228,124062,206560,9.06,4261,9.05,4896,9.04,1895,9.03,2108,9.02,3735,9.07,303,9.08,298,9.09,357,9.10,2081,9.11,70,S
SZ,000002,2013-7-29, 9:39:22,9.07,389,124451,352736,9.06,4198,9.05,4925,9.04,1898,9.03,2107,9.02,3743,9.07,26,9.08,604,9.09,357,9.10,2081,9.11,70,B
SZ,000002,2013-7-29, 9:39:28,9.07,743,125194,674856,9.07,367,9.06,4244,9.05,4974,9.04,1906,9.03,2105,9.08,246,9.09,357,9.10,2081,9.11,70,9.12,364,B
SZ,000002,2013-7-29, 9:39:34,9.08,3846,129040,3485576,9.07,10,9.06,1710,9.05,5001,9.04,1906,9.03,2109,9.08,87,9.09,377,9.10,2081,9.11,50,9.12,364,B
SZ,000002,2013-7-29, 9:39:37,9.08,1003,130043,908752,9.07,45,9.06,754,9.05,5042,9.04,1958,9.03,2114,9.08,84,9.09,377,9.10,2081,9.11,50,9.12,364,B
SZ,000002,2013-7-29, 9:39:43,9.05,6637,136680,6008480,9.04,1948,9.03,2119,9.02,3880,9.01,5900,9.00,12217,9.05,3146,9.08,115,9.09,386,9.10,2082,9.11,50,S
SZ,000002,2013-7-29, 9:39:49,9.05,2143,138823,1937496,9.04,80,9.03,2138,9.02,3931,9.01,5980,9.00,12274,9.05,2882,9.06,20,9.07,30,9.08,164,9.09,506,B
SZ,000002,2013-7-29, 9:39:55,9.05,2231,141054,2019048,9.04,80,9.03,2139,9.02,3932,9.01,5980,9.00,12385,9.05,2909,9.06,45,9.07,46,9.08,518,9.09,597,B
SZ,000002,2013-7-29, 9:40:04,9.05,365,141419,330288,9.04,149,9.03,2151,9.02,3910,9.01,6034,9.00,12410,9.05,325,9.06,45,9.07,46,9.08,646,9.09,607,B
SZ,000002,2013-7-29, 9:40:13,9.05,634,142053,573512,9.04,19,9.03,2114,9.02,4123,9.01,6223,9.00,12523,9.05,140,9.06,45,9.07,546,9.08,523,9.09,1107,B
SZ,000002,2013-7-29, 9:40:22,9.05,542,142595,489872,9.04,61,9.03,1916,9.02,4116,9.01,6307,9.00,12936,9.05,35,9.06,40,9.07,546,9.08,479,9.09,1112,B
SZ,000002,2013-7-29, 9:40:25,9.05,184,142779,166672,9.05,16,9.04,1093,9.03,1906,9.02,4120,9.01,6327,9.06,15,9.07,606,9.08,479,9.09,1112,9.10,2045,B
SZ,000002,2013-7-29, 9:40:34,9.02,8063,150842,7277128,9.01,6040,9.00,13221,8.99,550,8.98,1755,8.97,155,9.02,1961,9.04,133,9.05,199,9.07,803,9.08,934,S
SZ,000002,2013-7-29, 9:40:43,9.02,1013,151855,913712,9.01,6145,9.00,13276,8.99,550,8.98,1781,8.97,189,9.02,2876,9.04,133,9.05,221,9.06,134,9.07,803,B
SZ,000002,2013-7-29, 9:40:52,9.01,2927,154782,2638208,9.01,3772,9.00,13217,8.99,550,8.98,1801,8.97,194,9.02,2634,9.03,405,9.04,143,9.05,4279,9.06,134,S
SZ,000002,2013-7-29, 9:40:55,9.02,681,155463,613824,9.01,3386,9.00,13236,8.99,552,8.98,1803,8.97,209,9.02,2418,9.03,405,9.04,143,9.05,4289,9.06,134,B
SZ,000002,2013-7-29, 9:41:04,9.01,4513,159976,4067056,9.00,13079,8.99,559,8.98,1758,8.97,213,8.96,565,9.01,1885,9.02,1651,9.03,415,9.04,195,9.05,4299,S
SZ,000002,2013-7-29, 9:41:13,9.01,6588,166564,5929728,9.00,7785,8.99,559,8.98,1902,8.97,234,8.96,580,9.01,959,9.02,6679,9.03,415,9.04,201,9.05,4319,B
SZ,000002,2013-7-29, 9:41:16,9.01,74,166638,66672,9.00,7908,8.99,559,8.98,1959,8.97,238,8.96,580,9.01,902,9.02,6679,9.03,415,9.04,201,9.05,4319,B
SZ,000002,2013-7-29, 9:41:22,9.01,8202,174840,7382080,9.00,46,8.99,569,8.98,1998,8.97,358,8.96,575,9.01,709,9.02,6669,9.03,415,9.04,201,9.05,4259,B
SZ,000002,2013-7-29, 9:41:25,9.00,550,175390,495184,8.99,319,8.98,1998,8.97,358,8.96,585,8.95,3614,9.00,2891,9.01,716,9.02,6671,9.03,415,9.04,201,S
SZ,000002,2013-7-29, 9:41:31,9.00,1045,176435,940016,8.98,1818,8.97,374,8.96,595,8.95,3624,8.94,251,9.00,9426,9.01,1030,9.02,6681,9.03,415,9.04,201,B
SZ,000002,2013-7-29, 9:41:37,9.00,1569,178004,1411744,8.99,54,8.98,1709,8.97,374,8.96,591,8.95,3639,9.00,9075,9.01,1164,9.02,6701,9.03,415,9.04,201,B
SZ,000002,2013-7-29, 9:41:43,8.99,3128,181132,2809552,8.97,324,8.96,749,8.95,3675,8.94,251,8.93,339,8.99,243,9.00,9649,9.01,1564,9.02,6701,9.03,407,S
SZ,000002,2013-7-29, 9:41:46,8.99,1253,182385,1123776,8.98,2,8.96,774,8.95,3699,8.94,251,8.93,338,8.99,100,9.00,9656,9.01,1564,9.02,6681,9.03,407,B
SZ,000002,2013-7-29, 9:41:55,8.98,547,182932,491040,8.98,154,8.97,53,8.96,1730,8.95,3699,8.94,251,8.99,14,9.00,8910,9.01,1470,9.02,6681,9.03,407,S
SZ,000002,2013-7-29, 9:42:01,8.98,349,183281,313792,8.98,263,8.97,182,8.96,2004,8.95,4015,8.94,251,8.99,415,9.00,8870,9.01,1473,9.02,6671,9.03,407,B
SZ,000002,2013-7-29, 9:42:04,8.96,902,184183,808960,8.96,1746,8.95,4137,8.94,251,8.93,351,8.92,1226,8.98,242,8.99,379,9.00,8870,9.01,1503,9.02,6671,S
SZ,000002,2013-7-29, 9:42:10,8.95,6761,190944,6054144,8.98,114,8.94,324,8.93,424,8.92,1264,8.91,1835,8.99,867,9.00,8870,9.01,1489,9.02,6671,9.03,407,S
SZ,000002,2013-7-29, 9:42:13,8.99,49,190993,44016,8.98,150,8.97,36,8.96,24,8.95,53,8.94,325,8.99,977,9.00,8870,9.01,1288,9.02,6671,9.03,407,B
SZ,000002,2013-7-29, 9:42:28,8.97,1258,192251,1129360,8.96,273,8.95,303,8.94,839,8.93,496,8.92,1499,8.97,208,8.98,639,8.99,990,9.00,8386,9.01,942,S
SZ,000002,2013-7-29, 9:42:31,8.97,482,192733,432368,8.97,380,8.96,287,8.95,325,8.94,839,8.93,606,8.98,686,8.99,990,9.00,7934,9.01,942,9.02,6641,B
SZ,000002,2013-7-29, 9:42:34,8.97,699,193432,626848,8.97,73,8.96,500,8.95,353,8.94,342,8.93,634,8.98,317,8.99,941,9.00,7934,9.01,940,9.02,6641,B
SZ,000002,2013-7-29, 9:42:40,8.97,1348,194780,1208480,8.96,3,8.95,517,8.94,342,8.93,640,8.92,1576,8.97,170,8.98,310,8.99,901,9.00,7949,9.01,940,B
SZ,000002,2013-7-29, 9:42:46,8.98,1223,196003,1096528,8.96,1547,8.95,253,8.94,502,8.93,689,8.92,2601,8.98,296,8.99,961,9.00,7944,9.01,915,9.02,6641,B
SZ,000002,2013-7-29, 9:42:49,8.98,570,196573,510784,8.97,5,8.96,1036,8.95,439,8.94,513,8.93,795,8.98,724,8.99,627,9.00,7944,9.01,915,9.02,6639,B
SZ,000002,2013-7-29, 9:42:58,8.97,2746,199319,2460608,8.96,60,8.95,997,8.94,541,8.93,2107,8.92,3141,8.97,401,8.98,572,8.99,662,9.00,7880,9.01,915,S
SZ,000002,2013-7-29, 9:43:04,8.97,381,199700,341696,8.96,5128,8.95,1259,8.94,543,8.93,2332,8.92,3144,8.97,146,8.98,603,8.99,662,9.00,7938,9.01,894,B
SZ,000002,2013-7-29, 9:43:16,8.98,3521,203221,3156704,8.98,1071,8.97,973,8.96,3246,8.95,1760,8.94,1352,8.99,731,9.00,7992,9.01,894,9.02,6639,9.03,400,B
SZ,000002,2013-7-29, 9:43:19,8.98,122,203343,109584,8.98,990,8.97,1167,8.96,3366,8.95,1840,8.94,1376,8.99,663,9.00,8006,9.01,894,9.02,6639,9.03,400,B
SZ,000002,2013-7-29, 9:43:25,8.99,1352,204695,1215840,8.99,86,8.98,998,8.97,1052,8.96,759,8.95,1826,9.00,7801,9.01,894,9.02,6639,9.03,400,9.04,62,B
SZ,000002,2013-7-29, 9:43:34,9.00,2317,207012,2083296,8.99,786,8.98,1169,8.97,1717,8.96,816,8.95,1894,9.00,7486,9.01,894,9.02,6639,9.03,400,9.04,62,B
SZ,000002,2013-7-29, 9:43:40,9.00,6199,213211,5578816,8.99,1160,8.98,1201,8.97,1564,8.96,853,8.95,1926,9.00,1337,9.01,894,9.02,6639,9.03,400,9.04,62,B
SZ,000002,2013-7-29, 9:43:43,9.00,382,213593,343792,8.99,1301,8.98,1243,8.97,1564,8.96,974,8.95,2001,9.00,963,9.01,894,9.02,6639,9.03,400,9.04,62,B
SZ,000002,2013-7-29, 9:43:49,9.00,1602,215195,1441472,9.00,331,8.99,841,8.98,671,8.97,1577,8.96,1193,9.01,5894,9.02,6639,9.03,400,9.04,10,9.05,4077,B
SZ,000002,2013-7-29, 9:43:52,9.00,25,215220,22496,9.00,675,8.99,978,8.98,681,8.97,1601,8.96,1193,9.01,5894,9.02,6639,9.03,400,9.04,10,9.05,4077,B
SZ,000002,2013-7-29, 9:43:55,9.00,4633,219853,4162288,8.99,31,8.98,14,8.96,945,8.95,2180,8.94,742,9.00,188,9.01,5884,9.02,6639,9.03,400,9.04,10,B
SZ,000002,2013-7-29, 9:44:04,9.00,636,220489,572224,9.00,372,8.99,125,8.98,416,8.97,86,8.96,1086,9.01,5766,9.02,1665,9.03,400,9.04,10,9.05,4077,B
SZ,000002,2013-7-29, 9:44:13,9.00,980,221469,882256,8.99,1184,8.98,411,8.97,102,8.96,1904,8.95,2437,9.00,718,9.01,5708,9.02,1665,9.03,400,9.04,61,B
SZ,000002,2013-7-29, 9:44:19,9.00,550,222019,494912,8.99,1153,8.98,352,8.97,159,8.96,1917,8.95,2487,9.00,5116,9.01,5708,9.02,1665,9.03,400,9.04,61,B
SZ,000002,2013-7-29, 9:44:28,8.99,2632,224651,2365328,8.98,30,8.97,62,8.96,2603,8.95,2655,8.94,755,8.99,184,9.00,5671,9.01,5708,9.02,1665,9.03,400,S
SZ,000002,2013-7-29, 9:44:34,8.99,355,225006,319136,8.98,70,8.97,86,8.96,2684,8.95,2713,8.94,755,8.99,2460,9.00,6089,9.01,5708,9.02,1665,9.03,400,B
SZ,000002,2013-7-29, 9:44:40,8.99,875,225881,786656,8.98,48,8.97,932,8.96,2761,8.95,2875,8.94,751,8.99,1525,9.00,6129,9.01,5708,9.02,1665,9.03,400,B
SZ,000002,2013-7-29, 9:44:49,8.95,7681,233562,6881312,8.94,709,8.93,2435,8.92,2769,8.91,3203,8.90,7522,8.95,839,8.98,608,8.99,1199,9.00,6205,9.01,5708,S
SZ,000002,2013-7-29, 9:44:58,8.98,895,234457,801712,8.97,201,8.95,2223,8.94,755,8.93,2445,8.92,2769,8.98,43,8.99,1541,9.00,6215,9.01,5708,9.02,1665,B
SZ,000002,2013-7-29, 9:45:04,8.98,417,234874,374224,8.95,2598,8.94,761,8.93,2424,8.92,2835,8.91,3381,8.98,348,8.99,1575,9.00,6548,9.01,5708,9.02,1635,B
SZ,000002,2013-7-29, 9:45:10,8.94,4494,239368,4019728,8.93,1826,8.92,2825,8.91,3407,8.90,7745,8.89,859,8.94,12,8.95,113,8.97,21,8.98,408,8.99,1625,S
SZ,000002,2013-7-29, 9:45:16,8.95,1203,240571,1076016,8.94,804,8.93,1663,8.92,2825,8.91,3545,8.90,7840,8.95,2441,8.97,41,8.98,518,8.99,1525,9.00,6573,B
SZ,000002,2013-7-29, 9:45:19,8.95,207,240778,185232,8.94,951,8.93,1663,8.92,2827,8.91,3545,8.90,7851,8.95,2278,8.97,41,8.98,518,8.99,1525,9.00,6583,B
SZ,000002,2013-7-29, 9:45:25,8.95,2471,243249,2210336,8.94,717,8.93,1677,8.92,2842,8.91,3558,8.90,9379,8.95,1054,8.97,37,8.98,518,8.99,1527,9.00,6583,B
SZ,000002,2013-7-29, 9:45:34,8.95,822,244071,735552,8.94,1021,8.93,1817,8.92,2832,8.91,3560,8.90,10721,8.95,399,8.97,108,8.98,1218,8.99,1527,9.00,6563,B
SZ,000002,2013-7-29, 9:45:37,8.97,452,244523,404016,8.95,1004,8.94,1023,8.93,1862,8.92,2832,8.91,3575,8.97,638,8.98,1208,8.99,1527,9.00,6563,9.01,708,B
SZ,000002,2013-7-29, 9:45:46,8.97,131,244654,117328,8.95,2681,8.94,1482,8.93,2014,8.92,3492,8.91,3667,8.97,1797,8.98,1081,8.99,1527,9.00,6520,9.01,708,B
SZ,000002,2013-7-29, 9:45:55,8.97,1825,246479,1636464,8.96,140,8.95,3220,8.94,1570,8.93,2348,8.92,3528,8.97,372,8.98,1521,8.99,1577,9.00,6514,9.01,708,B
SZ,000002,2013-7-29, 9:45:58,8.97,99,246578,88800,8.96,240,8.95,3371,8.94,1588,8.93,2363,8.92,3534,8.97,373,8.98,1521,8.99,1577,9.00,6649,9.01,708,B
SZ,000002,2013-7-29, 9:46:04,8.97,315,246893,283152,8.96,474,8.95,3749,8.94,1650,8.93,2383,8.92,3534,8.97,165,8.98,1521,8.99,1575,9.00,6654,9.01,708,B
SZ,000002,2013-7-29, 9:46:10,8.97,236,247129,211552,8.97,123,8.96,502,8.95,3958,8.94,1596,8.93,2397,8.98,1521,8.99,1575,9.00,6674,9.01,708,9.02,1635,B
SZ,000002,2013-7-29, 9:46:19,8.97,87,247216,77968,8.97,480,8.96,694,8.95,4487,8.94,1597,8.93,2515,8.98,1521,8.99,1575,9.00,6664,9.01,708,9.02,1635,B
SZ,000002,2013-7-29, 9:46:25,8.97,689,247905,618032,8.97,56,8.96,937,8.95,4521,8.94,1631,8.93,2517,8.98,1498,8.99,1515,9.00,6662,9.01,708,9.02,1635,B
SZ,000002,2013-7-29, 9:46:28,8.98,546,248451,489568,8.97,10,8.96,874,8.95,4659,8.94,1731,8.93,2623,8.98,1452,8.99,1515,9.00,6662,9.01,708,9.02,1635,B
SZ,000002,2013-7-29, 9:46:34,8.97,264,248715,236960,8.97,71,8.96,998,8.95,4799,8.94,1740,8.93,2657,8.98,1667,8.99,1515,9.00,6667,9.01,708,9.02,1635,S
SZ,000002,2013-7-29, 9:46:40,8.97,359,249074,322208,8.96,1849,8.95,4747,8.94,1740,8.93,2630,8.92,3176,8.97,6,8.98,1566,8.99,2335,9.00,6662,9.01,708,B
SZ,000002,2013-7-29, 9:46:47,8.97,917,249991,822800,8.96,1927,8.95,4785,8.94,1738,8.93,2640,8.92,3198,8.97,44,8.98,1818,8.99,2306,9.00,6677,9.01,708,B
SZ,000002,2013-7-29, 9:46:49,8.97,469,250460,421136,8.96,2035,8.95,4818,8.94,1716,8.93,2675,8.92,3200,8.97,424,8.98,1576,8.99,2306,9.00,6683,9.01,708,B
SZ,000002,2013-7-29, 9:46:55,8.97,1109,251569,994992,8.97,3144,8.96,2138,8.95,4514,8.94,1683,8.93,2724,8.98,1481,8.99,2306,9.00,6683,9.01,708,9.02,1635,B
SZ,000002,2013-7-29, 9:47:04,8.98,2160,253729,1939392,8.98,107,8.97,3173,8.96,2171,8.95,4665,8.94,1725,8.99,2001,9.00,6618,9.01,708,9.02,1635,9.03,464,B
SZ,000002,2013-7-29, 9:47:13,8.99,35,253764,30896,8.98,640,8.97,3355,8.96,1649,8.95,4701,8.94,1699,8.99,1988,9.00,6614,9.01,331,9.02,1635,9.03,446,B
SZ,000002,2013-7-29, 9:47:19,8.98,850,254614,763328,8.98,1273,8.97,3676,8.96,1614,8.95,4732,8.94,2080,8.99,2326,9.00,6564,9.01,301,9.02,1635,9.03,446,S
SZ,000002,2013-7-29, 9:47:25,8.98,3650,258264,3276048,8.98,1824,8.97,1934,8.96,1446,8.95,4709,8.94,2127,8.99,2210,9.00,6548,9.01,301,9.02,1635,9.03,400,B
SZ,000002,2013-7-29, 9:47:34,8.99,9273,267537,8314464,8.98,102,8.96,48,8.95,1839,8.94,2110,8.93,2826,8.99,1363,9.00,6566,9.01,301,9.02,1635,9.03,400,B
SZ,000002,2013-7-29, 9:47:40,8.95,2739,270276,2452560,8.94,2161,8.93,2874,8.92,3235,8.91,4351,8.90,14641,8.95,2327,8.98,300,8.99,1442,9.00,6187,9.01,301,S
SZ,000002,2013-7-29, 9:47:49,8.95,1818,272094,1627120,8.94,2163,8.93,2880,8.92,3235,8.91,4141,8.90,15021,8.95,509,8.97,100,8.98,437,8.99,1580,9.00,6183,B
SZ,000002,2013-7-29, 9:47:55,8.95,1031,273125,922672,8.95,2256,8.94,2397,8.93,2893,8.92,3235,8.91,4186,8.97,9,8.98,437,8.99,1441,9.00,6178,9.01,301,B
SZ,000002,2013-7-29, 9:48:04,8.95,5405,278530,4839680,8.95,1194,8.94,2518,8.93,2637,8.92,3235,8.91,4241,8.97,158,8.99,1774,9.00,6175,9.01,167,9.02,1635,B
SZ,000002,2013-7-29, 9:48:10,8.97,122,278652,109776,8.96,247,8.95,1411,8.94,2433,8.93,2629,8.92,3243,8.97,91,8.98,100,8.99,1774,9.00,6222,9.01,167,B
SZ,000002,2013-7-29, 9:48:16,8.95,2433,281085,2177824,8.94,2494,8.93,2787,8.92,3253,8.91,4461,8.90,15379,8.95,1742,8.97,17,8.98,100,8.99,2118,9.00,6172,S
SZ,000002,2013-7-29, 9:48:19,8.95,1031,282116,922656,8.94,2418,8.93,2806,8.92,3263,8.91,4511,8.90,15335,8.95,1229,8.97,17,8.98,100,8.99,2118,9.00,6173,B
SZ,000002,2013-7-29, 9:48:28,8.97,1533,283649,1371920,8.97,859,8.96,16,8.95,1259,8.94,2649,8.93,3831,8.98,1029,8.99,2118,9.00,6173,9.01,167,9.02,1635,B
SZ,000002,2013-7-29, 9:48:34,8.97,113,283762,101392,8.97,1074,8.96,27,8.95,1956,8.94,2909,8.93,3904,8.98,1010,8.99,2118,9.00,6173,9.01,167,9.02,1635,B
SZ,000002,2013-7-29, 9:48:40,8.97,351,284113,315056,8.97,1081,8.96,204,8.95,2804,8.94,2942,8.93,4041,8.98,691,8.99,2118,9.00,6179,9.01,167,9.02,1635,B
SZ,000002,2013-7-29, 9:48:43,8.98,262,284375,235248,8.97,1077,8.96,244,8.95,3122,8.94,2979,8.93,4041,8.98,444,8.99,2118,9.00,6169,9.01,167,9.02,1635,B
SZ,000002,2013-7-29, 9:48:49,8.98,361,284736,324208,8.97,1058,8.96,253,8.95,3441,8.94,2985,8.93,4041,8.98,215,8.99,2118,9.00,6169,9.01,167,9.02,1635,B
SZ,000002,2013-7-29, 9:48:55,8.97,743,285479,667616,8.98,93,8.97,673,8.96,269,8.95,3853,8.94,3026,8.99,2068,9.00,6194,9.01,140,9.02,1635,9.03,200,S
SZ,000002,2013-7-29, 9:49:01,8.98,75,285554,67232,8.98,566,8.97,780,8.96,285,8.95,3935,8.94,3032,8.99,1712,9.00,6194,9.01,140,9.02,1635,9.03,200,B
SZ,000002,2013-7-29, 9:49:10,8.98,4041,289595,3622592,8.97,6,8.96,1058,8.95,2622,8.94,3105,8.93,4072,8.98,1005,8.99,1654,9.00,6176,9.01,140,9.02,1635,B
SZ,000002,2013-7-29, 9:49:16,8.98,365,289960,327776,8.97,85,8.96,1257,8.95,3037,8.94,2882,8.93,4132,8.98,1212,8.99,1644,9.00,6176,9.01,140,9.02,1635,B
SZ,000002,2013-7-29, 9:49:22,8.98,62,290022,55664,8.97,136,8.96,1300,8.95,3204,8.94,3521,8.93,4126,8.98,1152,8.99,1669,9.00,6176,9.01,140,9.02,1635,B
SZ,000002,2013-7-29, 9:49:28,8.98,709,290731,636688,8.97,679,8.96,1366,8.95,3644,8.94,3527,8.93,4086,8.98,443,8.99,1673,9.00,4869,9.01,140,9.02,51,B
SZ,000002,2013-7-29, 9:49:34,8.98,1244,291975,1116192,8.97,19,8.96,1455,8.95,3763,8.94,3538,8.93,4179,8.98,618,8.99,1723,9.00,4869,9.01,140,9.02,51,B
SZ,000002,2013-7-29, 9:49:40,8.98,763,292738,685136,8.97,4622,8.96,1489,8.95,4113,8.94,3530,8.93,4179,8.98,396,8.99,1714,9.00,4869,9.01,140,9.02,51,B
SZ,000002,2013-7-29, 9:49:49,8.99,1197,293935,1074256,8.98,925,8.97,5031,8.96,2087,8.95,4299,8.94,3519,8.99,2107,9.00,4869,9.01,140,9.02,51,9.03,200,B
SZ,000002,2013-7-29, 9:49:58,8.99,620,294555,557152,8.98,991,8.97,5275,8.96,2119,8.95,4505,8.94,3507,8.99,2012,9.00,4869,9.01,140,9.02,51,9.03,200,B
SZ,000002,2013-7-29, 9:50:04,8.99,85,294640,76832,8.98,1985,8.97,4668,8.96,2233,8.95,4643,8.94,3468,8.99,1945,9.00,4869,9.01,140,9.02,51,9.03,200,B
SZ,000002,2013-7-29, 9:50:13,8.98,872,295512,783008,8.98,1154,8.97,859,8.96,2261,8.95,5169,8.94,3611,8.99,1467,9.00,4863,9.01,140,9.02,251,9.03,200,S
SZ,000002,2013-7-29, 9:50:19,8.99,6332,301844,5676192,8.98,40,8.97,2,8.95,3748,8.94,3555,8.93,4029,8.99,1179,9.00,4857,9.01,140,9.02,251,9.03,200,B
SZ,000002,2013-7-29, 9:50:28,8.99,4492,306336,4038496,8.99,1842,8.98,73,8.97,13,8.96,721,8.95,4228,9.00,4661,9.01,140,9.02,251,9.03,200,9.04,24,B
SZ,000002,2013-7-29, 9:50:31,9.00,72,306408,64768,8.99,2318,8.98,76,8.97,13,8.96,731,8.95,4259,9.00,4631,9.01,140,9.02,251,9.03,200,9.04,24,B
SZ,000002,2013-7-29, 9:50:40,8.99,1991,308399,1790272,8.99,865,8.98,116,8.97,147,8.96,1071,8.95,4683,9.00,4172,9.01,138,9.02,252,9.03,200,9.04,24,S
SZ,000002,2013-7-29, 9:50:43,8.99,949,309348,852864,8.98,157,8.97,152,8.96,1119,8.95,4676,8.94,3503,8.99,207,9.00,4172,9.01,138,9.02,252,9.03,200,B
SZ,000002,2013-7-29, 9:50:49,8.99,661,310009,594208,8.98,151,8.97,337,8.96,1123,8.95,4715,8.94,3519,8.99,1393,9.00,4299,9.01,138,9.02,252,9.03,200,B
SZ,000002,2013-7-29, 9:50:58,8.98,795,310804,713952,8.97,227,8.96,694,8.95,5054,8.94,3513,8.93,4300,8.98,425,8.99,1454,9.00,4299,9.01,138,9.02,227,S
SZ,000002,2013-7-29, 9:51:04,8.98,910,311714,816832,8.97,15,8.96,861,8.95,5104,8.94,3588,8.93,4299,8.98,377,8.99,1494,9.00,4299,9.01,138,9.02,227,B
SZ,000002,2013-7-29, 9:51:07,8.97,174,311888,156032,8.96,899,8.95,5148,8.94,3288,8.93,4309,8.92,3356,8.97,882,8.98,377,8.99,1494,9.00,4299,9.01,138,S
SZ,000002,2013-7-29, 9:51:16,9.00,5884,317772,5287008,8.96,935,8.95,5211,8.94,3307,8.93,4309,8.92,3355,9.00,1755,9.01,138,9.02,27,9.03,300,9.04,34,B
SZ,000002,2013-7-29, 9:51:25,8.97,460,318232,412992,8.98,2,8.97,12,8.96,1943,8.95,5354,8.94,3310,9.00,1642,9.01,138,9.02,27,9.03,200,9.04,34,S
SZ,000002,2013-7-29, 9:51:31,9.00,1659,319891,1493088,9.00,3436,8.99,23,8.98,41,8.97,571,8.96,2230,9.01,158,9.02,27,9.03,200,9.04,34,9.05,326,B
SZ,000002,2013-7-29, 9:51:34,9.00,13,319904,11680,9.00,3433,8.99,23,8.98,41,8.97,625,8.96,2242,9.01,158,9.02,47,9.03,200,9.04,34,9.05,710,B
SZ,000002,2013-7-29, 9:51:40,9.01,289,320193,260320,9.01,52,9.00,3375,8.99,23,8.98,49,8.97,408,9.02,47,9.03,200,9.04,34,9.05,2926,9.06,173,B
SZ,000002,2013-7-29, 9:51:43,9.01,45,320238,40544,9.01,17,9.00,3397,8.99,23,8.98,64,8.97,434,9.02,47,9.03,200,9.04,34,9.05,2926,9.06,287,B
SZ,000002,2013-7-29, 9:51:49,8.98,3736,323974,3362400,9.01,127,8.98,10,8.97,596,8.96,2442,8.95,5985,9.02,627,9.03,400,9.04,34,9.05,2752,9.06,287,S
SZ,000002,2013-7-29, 9:51:58,9.01,549,324523,494592,8.98,22,8.97,664,8.96,2505,8.95,5996,8.94,3506,9.01,260,9.02,654,9.03,420,9.04,184,9.05,2752,B
SZ,000002,2013-7-29, 9:52:01,9.01,273,324796,245760,9.00,428,8.98,30,8.97,810,8.96,2519,8.95,5999,9.01,1858,9.02,664,9.03,225,9.04,201,9.05,2752,B
SZ,000002,2013-7-29, 9:52:10,9.00,324,325120,291328,9.00,386,8.99,5,8.98,270,8.97,887,8.96,2547,9.01,1707,9.02,921,9.03,225,9.04,227,9.05,2742,S
SZ,000002,2013-7-29, 9:52:13,9.00,2771,327891,2497408,8.98,265,8.97,1082,8.96,2567,8.95,6054,8.94,3504,9.00,260,9.02,269,9.03,225,9.04,227,9.05,2744,B
SZ,000002,2013-7-29, 9:52:19,9.00,119,328010,107072,8.99,7,8.98,177,8.97,1028,8.96,2615,8.95,6087,9.00,852,9.01,200,9.02,269,9.03,225,9.04,227,B
SZ,000002,2013-7-29, 9:52:28,8.98,873,328883,785632,8.98,638,8.97,1123,8.96,2665,8.95,6054,8.94,3504,9.00,595,9.01,200,9.02,265,9.03,225,9.04,237,S
SZ,000002,2013-7-29, 9:52:34,9.00,163,329046,146624,8.98,698,8.97,1721,8.96,2665,8.95,6129,8.94,3504,9.00,4505,9.01,200,9.02,255,9.03,205,9.04,237,B
SZ,000002,2013-7-29, 9:52:43,9.00,508,329554,456320,8.99,3,8.98,378,8.97,1739,8.96,2676,8.95,6210,9.00,4481,9.01,205,9.02,252,9.03,205,9.04,243,B
SZ,000002,2013-7-29, 9:52:46,8.98,133,329687,118816,8.98,326,8.97,1830,8.96,2679,8.95,6262,8.94,3518,9.00,4409,9.01,200,9.02,252,9.03,205,9.04,243,S
SZ,000002,2013-7-29, 9:52:49,8.98,304,329991,273216,8.98,399,8.97,1860,8.96,2656,8.95,6326,8.94,3520,8.99,10,9.00,4453,9.01,100,9.02,252,9.03,205,B
SZ,000002,2013-7-29, 9:52:58,8.99,136,330127,122304,8.99,3687,8.98,456,8.97,2910,8.96,2664,8.95,6500,9.00,6971,9.01,100,9.02,256,9.03,205,9.04,283,B
SZ,000002,2013-7-29, 9:53:01,9.00,9,330136,8096,8.99,3737,8.98,514,8.97,2955,8.96,2675,8.95,6513,9.00,7466,9.01,100,9.02,256,9.03,205,9.04,283,B
SZ,000002,2013-7-29, 9:53:10,9.00,1421,331557,1278944,8.99,3464,8.98,656,8.97,2947,8.96,2659,8.95,6553,9.00,6959,9.01,120,9.02,256,9.03,205,9.04,283,B
SZ,000002,2013-7-29, 9:53:16,9.00,153,331710,137696,8.99,3480,8.98,787,8.97,2907,8.96,2709,8.95,6834,9.00,7219,9.01,120,9.02,256,9.03,205,9.04,290,B
SZ,000002,2013-7-29, 9:53:19,9.00,107,331817,96288,8.99,3515,8.98,791,8.97,2907,8.96,2672,8.95,6840,9.00,7112,9.01,126,9.02,256,9.03,205,9.04,274,B
SZ,000002,2013-7-29, 9:53:25,8.99,1330,333147,1196480,8.99,3015,8.98,831,8.97,2914,8.96,2686,8.95,6865,9.00,6372,9.01,126,9.02,256,9.03,205,9.04,274,S
SZ,000002,2013-7-29, 9:53:34,9.00,781,333928,702240,8.99,2445,8.98,923,8.97,2850,8.96,2597,8.95,6981,9.00,6234,9.01,126,9.02,256,9.03,205,9.04,274,B
SZ,000002,2013-7-29, 9:53:37,9.00,198,334126,178240,8.99,2391,8.98,923,8.97,2850,8.96,2597,8.95,6996,9.00,6163,9.01,126,9.02,256,9.03,205,9.04,274,B
SZ,000002,2013-7-29, 9:53:40,9.00,13,334139,11680,8.99,2512,8.98,928,8.97,2850,8.96,2597,8.95,7098,9.00,6150,9.01,126,9.02,256,9.03,205,9.04,274,B
SZ,000002,2013-7-29, 9:53:49,8.99,1102,335241,991232,8.99,1914,8.98,908,8.97,2860,8.96,2647,8.95,7121,9.00,5629,9.01,126,9.02,281,9.03,205,9.04,274,S
SZ,000002,2013-7-29, 9:53:55,8.99,2241,337482,2014208,8.99,128,8.98,976,8.97,2860,8.96,2673,8.95,7222,9.00,5232,9.01,126,9.02,281,9.03,205,9.04,284,B
SZ,000002,2013-7-29, 9:54:01,9.00,342,337824,307552,8.98,1147,8.97,2896,8.96,2678,8.95,7313,8.94,3428,9.00,5136,9.01,326,9.02,281,9.03,205,9.04,284,B
SZ,000002,2013-7-29, 9:54:10,9.00,2302,340126,2071808,8.98,989,8.97,2881,8.96,2583,8.95,7436,8.94,3458,9.00,3090,9.01,326,9.02,281,9.03,205,9.04,284,B
SZ,000002,2013-7-29, 9:54:13,9.00,103,340229,92608,8.98,953,8.97,2891,8.96,2633,8.95,7439,8.94,3458,9.00,3029,9.01,326,9.02,281,9.03,205,9.04,284,B
SZ,000002,2013-7-29, 9:54:22,9.00,1489,341718,1339680,8.99,80,8.98,906,8.97,2907,8.96,2611,8.95,7497,9.00,1754,9.01,326,9.02,281,9.03,240,9.04,273,B
SZ,000002,2013-7-29, 9:54:25,9.00,21,341739,18880,8.99,67,8.98,904,8.97,2907,8.96,2611,8.95,7497,9.00,1747,9.01,326,9.02,295,9.03,240,9.04,273,B
SZ,000002,2013-7-29, 9:54:31,8.99,540,342279,485632,8.98,1100,8.97,2917,8.96,2609,8.95,7503,8.94,3421,8.99,2842,9.00,1551,9.01,326,9.02,295,9.03,240,S
SZ,000002,2013-7-29, 9:54:37,8.99,1292,343571,1161504,8.98,1222,8.97,2927,8.96,2611,8.95,7589,8.94,3423,8.99,1750,9.00,1551,9.01,326,9.02,295,9.03,40,B
SZ,000002,2013-7-29, 9:54:43,8.99,707,344278,635584,8.98,1081,8.97,3014,8.96,2633,8.95,7622,8.94,3423,8.99,1104,9.00,1561,9.01,326,9.02,295,9.03,40,B
SZ,000002,2013-7-29, 9:54:49,8.99,173,344451,155264,8.98,1116,8.97,3044,8.96,2724,8.95,7656,8.94,3442,8.99,995,9.00,1561,9.01,326,9.02,295,9.03,40,B
SZ,000002,2013-7-29, 9:54:55,9.00,1202,345653,1080800,8.99,23,8.98,1218,8.97,3109,8.96,2724,8.95,7695,9.00,2065,9.01,326,9.02,298,9.03,40,9.04,272,B
SZ,000002,2013-7-29, 9:55:04,9.01,3314,348967,2981824,9.00,138,8.99,218,8.98,1647,8.97,3109,8.96,2231,9.01,269,9.02,284,9.03,40,9.04,322,9.05,3603,B
SZ,000002,2013-7-29, 9:55:10,9.02,341,349308,307808,9.01,500,9.00,17,8.99,696,8.98,1761,8.97,3079,9.02,234,9.03,440,9.04,322,9.05,3603,9.06,289,B
SZ,000002,2013-7-29, 9:55:19,9.01,51,349359,45952,9.01,531,9.00,178,8.99,1074,8.98,1623,8.97,3049,9.02,434,9.03,40,9.04,722,9.05,3603,9.06,289,S
SZ,000002,2013-7-29, 9:55:22,9.01,744,350103,670432,9.00,178,8.99,774,8.98,1624,8.97,3179,8.96,2051,9.01,5,9.02,121,9.03,40,9.04,752,9.05,3613,B
SZ,000002,2013-7-29, 9:55:28,9.02,605,350708,545280,9.00,128,8.99,723,8.98,1713,8.97,3179,8.96,2251,9.02,74,9.03,990,9.04,752,9.05,3613,9.06,289,B
SZ,000002,2013-7-29, 9:55:31,9.02,105,350813,94048,9.02,79,9.00,145,8.99,829,8.98,1702,8.97,3189,9.03,950,9.04,752,9.05,3613,9.06,289,9.07,81,B
SZ,000002,2013-7-29, 9:55:37,9.03,3,350816,2720,9.02,98,9.01,278,9.00,264,8.99,858,8.98,1790,9.03,947,9.04,762,9.05,3603,9.06,289,9.07,81,B
SZ,000002,2013-7-29, 9:55:43,9.02,747,351563,674944,9.01,420,9.00,280,8.99,855,8.98,1689,8.97,3148,9.02,99,9.03,439,9.04,762,9.05,3814,9.06,289,S
SZ,000002,2013-7-29, 9:55:46,9.03,104,351667,93824,9.01,443,9.00,335,8.99,1521,8.98,1731,8.97,3148,9.03,634,9.04,762,9.05,3814,9.06,289,9.07,81,B
SZ,000002,2013-7-29, 9:55:52,9.02,113,351780,101920,9.01,500,9.00,403,8.99,1234,8.98,1726,8.97,3138,9.02,97,9.03,625,9.04,762,9.05,3814,9.06,289,S
SZ,000002,2013-7-29, 9:55:58,9.00,1119,352899,1007840,8.99,1218,8.98,1737,8.97,3136,8.96,2296,8.95,7746,9.00,472,9.01,20,9.02,138,9.03,685,9.04,1262,S
SZ,000002,2013-7-29, 9:56:04,9.00,622,353521,559808,8.99,1190,8.98,1740,8.97,3172,8.96,2316,8.95,7718,9.00,877,9.01,97,9.02,2090,9.03,647,9.04,902,B
SZ,000002,2013-7-29, 9:56:10,9.00,212,353733,190272,8.99,1173,8.98,1753,8.97,3171,8.96,2321,8.95,7749,9.00,666,9.01,97,9.02,2030,9.03,597,9.04,902,B
SZ,000002,2013-7-29, 9:56:13,9.00,342,354075,307808,8.99,1179,8.98,1763,8.97,3131,8.96,2321,8.95,7898,9.00,324,9.01,97,9.02,2033,9.03,597,9.04,902,B
SZ,000002,2013-7-29, 9:56:28,9.00,1019,355094,917344,9.00,1884,8.99,1286,8.98,1771,8.97,3148,8.96,2319,9.01,267,9.02,2033,9.03,362,9.04,838,9.05,3817,B
SZ,000002,2013-7-29, 9:56:34,9.01,281,355375,253120,9.00,3021,8.99,1365,8.98,1831,8.97,3178,8.96,2332,9.01,1058,9.02,2033,9.03,362,9.04,338,9.05,3817,B
SZ,000002,2013-7-29, 9:56:40,9.01,247,355622,223040,9.00,3022,8.99,1367,8.98,1849,8.97,3208,8.96,2352,9.01,844,9.02,2033,9.03,362,9.04,328,9.05,3814,B
SZ,000002,2013-7-29, 9:56:43,9.01,72,355694,64832,9.00,3099,8.99,1367,8.98,1939,8.97,3208,8.96,2352,9.01,814,9.02,2033,9.03,362,9.04,328,9.05,3814,B
SZ,000002,2013-7-29, 9:56:52,9.01,843,356537,759424,9.01,12,9.00,4023,8.99,1448,8.98,1941,8.97,3208,9.02,2033,9.03,264,9.04,328,9.05,3825,9.06,239,B
SZ,000002,2013-7-29, 9:57:01,9.01,238,356775,214432,9.01,31,9.00,4135,8.99,1448,8.98,1886,8.97,3178,9.02,2023,9.03,264,9.04,328,9.05,3825,9.06,239,B
SZ,000002,2013-7-29, 9:57:04,9.02,76,356851,68512,9.01,1353,9.00,3170,8.99,1448,8.98,1889,8.97,3167,9.02,1975,9.03,264,9.04,328,9.05,3825,9.06,239,B
SZ,000002,2013-7-29, 9:57:13,9.02,563,357414,507264,9.01,1407,9.00,4095,8.99,1512,8.98,1889,8.97,2667,9.02,1437,9.03,264,9.04,722,9.05,3825,9.06,239,B
SZ,000002,2013-7-29, 9:57:22,9.02,1141,358555,1029184,9.01,1537,9.00,3790,8.99,1531,8.98,1906,8.97,2674,9.02,399,9.03,264,9.04,712,9.05,3825,9.06,239,B
SZ,000002,2013-7-29, 9:57:31,9.02,823,359378,741952,9.02,1338,9.01,1194,9.00,4114,8.99,1439,8.98,1952,9.03,264,9.04,721,9.05,3825,9.06,239,9.07,101,B
SZ,000002,2013-7-29, 9:57:34,9.03,50,359428,45152,9.02,1400,9.01,1224,9.00,4134,8.99,1440,8.98,1952,9.03,214,9.04,671,9.05,3825,9.06,239,9.07,101,B
SZ,000002,2013-7-29, 9:57:43,9.03,610,360038,550432,9.03,34,9.02,1073,9.01,1431,9.00,4258,8.99,1495,9.04,693,9.05,3825,9.06,239,9.07,101,9.08,514,B
SZ,000002,2013-7-29, 9:57:49,9.05,856,360894,773856,9.03,107,9.02,1168,9.01,1432,9.00,4351,8.99,1500,9.04,10,9.05,3786,9.06,239,9.07,101,9.08,514,B
SZ,000002,2013-7-29, 9:58:01,9.04,273,361167,246848,9.04,586,9.03,199,9.02,1304,9.01,1396,9.00,4543,9.05,2840,9.06,125,9.07,101,9.08,517,9.09,735,S
SZ,000002,2013-7-29, 9:58:04,9.04,272,361439,245888,9.04,503,9.03,191,9.02,1304,9.01,1396,9.00,4551,9.05,2873,9.06,125,9.07,101,9.08,517,9.09,735,B
SZ,000002,2013-7-29, 9:58:10,9.05,125,361564,113504,9.04,632,9.03,226,9.02,1349,9.01,645,9.00,4608,9.05,2748,9.06,125,9.07,101,9.08,517,9.09,755,B
SZ,000002,2013-7-29, 9:58:19,9.05,840,362404,760192,9.04,788,9.03,903,9.02,773,9.01,623,9.00,4781,9.05,1933,9.06,125,9.07,501,9.08,2016,9.09,1051,B
SZ,000002,2013-7-29, 9:58:25,9.05,2097,364501,1897632,9.05,240,9.04,2023,9.03,538,9.02,928,9.01,624,9.06,125,9.07,506,9.08,2130,9.09,1039,9.10,2703,B
SZ,000002,2013-7-29, 9:58:28,9.05,45,364546,40704,9.05,213,9.04,2095,9.03,538,9.02,937,9.01,624,9.06,125,9.07,506,9.08,2130,9.09,1039,9.10,2703,B
SZ,000002,2013-7-29, 9:58:34,9.05,15,364561,12960,9.05,674,9.04,2242,9.03,566,9.02,929,9.01,830,9.06,130,9.07,1256,9.08,2130,9.09,1089,9.10,2703,B
SZ,000002,2013-7-29, 9:58:40,9.06,705,365266,638272,9.06,10,9.05,477,9.04,2319,9.03,560,9.02,889,9.07,2447,9.08,2130,9.09,813,9.10,2703,9.11,251,B
SZ,000002,2013-7-29, 9:58:43,9.07,327,365593,296576,9.06,19,9.05,563,9.04,2301,9.03,1174,9.02,874,9.07,2033,9.08,2130,9.09,813,9.10,2703,9.11,354,B
SZ,000002,2013-7-29, 9:58:49,9.06,77,365670,69760,9.05,698,9.04,2272,9.03,2766,9.02,865,9.01,864,9.06,882,9.07,1749,9.08,2130,9.09,818,9.10,2703,S
SZ,000002,2013-7-29, 9:58:55,9.06,849,366519,769120,9.05,644,9.04,2297,9.03,2793,9.02,705,9.01,864,9.06,322,9.07,1843,9.08,2130,9.09,829,9.10,2640,B
SZ,000002,2013-7-29, 9:59:04,9.06,575,367094,521728,9.06,1368,9.05,915,9.04,2406,9.03,2795,9.02,713,9.07,1358,9.08,2130,9.09,822,9.10,2640,9.11,354,B
SZ,000002,2013-7-29, 9:59:10,9.06,2115,369209,1915840,9.05,773,9.04,2377,9.03,2795,9.02,706,9.01,775,9.06,48,9.07,1400,9.08,2130,9.09,822,9.10,2659,B
SZ,000002,2013-7-29, 9:59:13,9.06,245,369454,222016,9.06,110,9.05,784,9.04,2347,9.03,2795,9.02,716,9.07,1467,9.08,2016,9.09,822,9.10,2659,9.11,384,B
SZ,000002,2013-7-29, 9:59:19,9.07,463,369917,419616,9.06,87,9.05,684,9.04,2244,9.03,2805,9.02,699,9.07,2692,9.08,2016,9.09,837,9.10,2659,9.11,384,B
SZ,000002,2013-7-29, 9:59:25,9.07,946,370863,857824,9.06,9,9.05,712,9.04,2264,9.03,2805,9.02,704,9.07,2017,9.08,2016,9.09,857,9.10,2659,9.11,384,B
SZ,000002,2013-7-29, 9:59:31,9.05,1443,372306,1306368,9.04,2258,9.03,2805,9.02,704,9.01,781,9.00,5465,9.05,2667,9.07,1885,9.08,2016,9.09,971,9.10,2659,S
SZ,000002,2013-7-29, 9:59:34,9.05,225,372531,203616,9.04,2278,9.03,2830,9.02,733,9.01,783,9.00,5477,9.05,2442,9.07,1986,9.08,2016,9.09,1018,9.10,2659,B
SZ,000002,2013-7-29, 9:59:40,9.05,815,373346,737152,9.04,1680,9.03,2830,9.02,762,9.01,751,9.00,5514,9.05,2041,9.06,300,9.07,1886,9.08,1809,9.09,1018,B
SZ,000002,2013-7-29, 9:59:46,9.05,1689,375035,1528512,9.04,1638,9.03,2840,9.02,762,9.01,751,9.00,5226,9.05,502,9.06,322,9.07,1686,9.08,1810,9.09,1655,B
SZ,000002,2013-7-29, 9:59:55,9.04,1173,376208,1061440,9.04,486,9.03,2809,9.02,768,9.01,768,9.00,5311,9.06,110,9.07,943,9.08,1810,9.09,1706,9.10,2659,S
SZ,000002,2013-7-29,10: 0:01,9.03,1880,378088,1700640,9.03,2409,9.02,760,9.01,977,9.00,5205,8.99,1448,9.06,1316,9.07,834,9.08,1810,9.09,1696,9.10,2629,S
SZ,000002,2013-7-29,10: 0:07,9.06,131,378219,118496,9.04,9,9.03,3618,9.02,761,9.01,977,9.00,5306,9.06,2267,9.07,844,9.08,1810,9.09,1696,9.10,2629,B
SZ,000002,2013-7-29,10: 0:10,9.05,58,378277,52416,9.03,3794,9.02,764,9.01,977,9.00,5316,8.99,1448,9.05,438,9.06,2267,9.07,850,9.08,1810,9.09,1696,S
SZ,000002,2013-7-29,10: 0:16,9.04,221,378498,199904,9.04,147,9.03,3760,9.02,788,9.01,977,9.00,5349,9.05,1401,9.06,1447,9.07,844,9.08,1810,9.09,1705,S
SZ,000002,2013-7-29,10: 0:22,9.05,264,378762,238688,9.03,3756,9.02,788,9.01,987,9.00,5504,8.99,1443,9.05,1588,9.06,655,9.07,966,9.08,1810,9.09,2673,B
SZ,000002,2013-7-29,10: 0:31,9.04,2555,381317,2307712,9.03,1678,9.02,813,9.01,1165,9.00,5601,8.99,1443,9.04,49,9.05,876,9.06,655,9.07,1101,9.08,1810,S
SZ,000002,2013-7-29,10: 0:34,9.03,126,381443,113824,9.03,1566,9.02,813,9.01,1185,9.00,5603,8.99,1443,9.04,75,9.05,876,9.06,117,9.07,1623,9.08,1810,S
SZ,000002,2013-7-29,10: 0:40,9.04,443,381886,400416,9.03,1924,9.02,812,9.01,1185,9.00,5558,8.99,1483,9.04,170,9.05,796,9.06,117,9.07,1651,9.08,1810,B
SZ,000002,2013-7-29,10: 0:46,9.04,579,382465,523008,9.03,1544,9.02,807,9.01,1192,9.00,5595,8.99,1483,9.04,55,9.05,786,9.06,117,9.07,1651,9.08,1810,B
SZ,000002,2013-7-29,10: 0:49,9.04,25,382490,22848,9.03,1529,9.02,809,9.01,1293,9.00,5695,8.99,1483,9.04,75,9.05,786,9.06,137,9.07,1151,9.08,1810,B
SZ,000002,2013-7-29,10: 0:55,9.04,121,382611,109376,9.04,401,9.03,1543,9.02,809,9.01,1353,9.00,5784,9.05,1755,9.06,217,9.07,1151,9.08,1810,9.09,2843,B
SZ,000002,2013-7-29,10: 1:01,9.04,50,382661,45216,9.04,394,9.03,1573,9.02,846,9.01,1353,9.00,5837,9.05,1705,9.06,254,9.07,1147,9.08,1810,9.09,2843,B
SZ,000002,2013-7-29,10: 1:10,9.04,570,383231,515264,9.04,380,9.03,1228,9.02,846,9.01,1358,9.00,5925,9.05,1216,9.06,254,9.07,1157,9.08,1810,9.09,2843,B
SZ,000002,2013-7-29,10: 1:19,9.05,222,383453,200704,9.04,374,9.03,1240,9.02,856,9.01,1379,9.00,5972,9.05,1279,9.06,284,9.07,1157,9.08,1817,9.09,2843,B
SZ,000002,2013-7-29,10: 1:22,9.05,460,383913,416288,9.04,379,9.03,1241,9.02,856,9.01,1379,9.00,5973,9.05,829,9.06,284,9.07,1157,9.08,1817,9.09,2843,B
SZ,000002,2013-7-29,10: 1:25,9.05,138,384051,124896,9.04,395,9.03,1251,9.02,856,9.01,1579,9.00,5955,9.05,691,9.06,284,9.07,1157,9.08,1817,9.09,2863,B
SZ,000002,2013-7-29,10: 1:31,9.04,240,384291,216960,9.04,470,9.03,1352,9.02,859,9.01,1590,9.00,5934,9.05,677,9.06,284,9.07,1157,9.08,1817,9.09,2863,S
SZ,000002,2013-7-29,10: 1:34,9.04,102,384393,92256,9.04,392,9.03,1362,9.02,859,9.01,1590,9.00,5941,9.05,656,9.06,784,9.07,1157,9.08,1817,9.09,2863,B
SZ,000002,2013-7-29,10: 1:49,9.05,1206,385599,1091456,9.05,36,9.04,364,9.03,1310,9.02,788,9.01,1660,9.06,1123,9.07,1167,9.08,1817,9.09,2963,9.10,3066,B
SZ,000002,2013-7-29,10: 1:58,9.05,936,386535,847200,9.04,34,9.03,1374,9.02,789,9.01,1660,9.00,6082,9.05,909,9.06,1123,9.07,1172,9.08,1817,9.09,2963,B
SZ,000002,2013-7-29,10: 2:04,9.05,52,386587,47072,9.04,74,9.03,2883,9.02,804,9.01,1604,9.00,6806,9.05,2448,9.06,1248,9.07,1172,9.08,1827,9.09,2968,B
SZ,000002,2013-7-29,10: 2:10,9.04,245,386832,221600,9.03,2923,9.02,807,9.01,1609,9.00,6815,8.99,1627,9.04,314,9.05,6412,9.06,748,9.07,1126,9.08,1826,S
SZ,000002,2013-7-29,10: 2:16,9.04,1183,388015,1069440,9.03,2792,9.02,819,9.01,1647,9.00,6892,8.99,1637,9.04,30,9.05,6327,9.06,258,9.07,1326,9.08,1828,B
SZ,000002,2013-7-29,10: 2:22,9.04,56,388071,50624,9.03,2809,9.02,820,9.01,1655,9.00,6934,8.99,1633,9.04,479,9.05,6337,9.06,258,9.07,1326,9.08,1828,B
SZ,000002,2013-7-29,10: 2:28,9.04,322,388393,291040,9.03,2826,9.02,820,9.01,1638,9.00,6958,8.99,1633,9.04,313,9.05,6762,9.06,278,9.07,1266,9.08,1728,B
SZ,000002,2013-7-29,10: 2:34,9.04,242,388635,218688,9.03,2398,9.02,829,9.01,1638,9.00,7068,8.99,1635,9.04,436,9.05,6765,9.06,278,9.07,1279,9.08,1728,B
SZ,000002,2013-7-29,10: 2:37,9.04,512,389147,462912,9.03,2401,9.02,835,9.01,1638,9.00,7104,8.99,1635,9.04,163,9.05,6243,9.06,278,9.07,1079,9.08,1728,B
SZ,000002,2013-7-29,10: 2:46,9.04,244,389391,220640,9.04,149,9.03,3524,9.02,804,9.01,1660,9.00,7102,9.05,5785,9.06,203,9.07,1079,9.08,1728,9.09,2988,B
SZ,000002,2013-7-29,10: 2:52,9.04,204,389595,183616,9.03,3633,9.02,807,9.01,1663,9.00,7131,8.99,1637,9.04,150,9.05,5878,9.06,203,9.07,1079,9.08,1728,B
SZ,000002,2013-7-29,10: 2:55,9.04,288,389883,260320,9.03,3618,9.02,807,9.01,1663,9.00,7106,8.99,1637,9.04,70,9.05,6008,9.06,203,9.07,579,9.08,1728,B
SZ,000002,2013-7-29,10: 3:01,9.03,62,389945,56000,9.03,3768,9.02,819,9.01,1694,9.00,7125,8.99,1637,9.04,138,9.05,6029,9.06,203,9.07,579,9.08,1728,S
SZ,000002,2013-7-29,10: 3:10,9.04,221,390166,200512,9.03,3914,9.02,832,9.01,1692,9.00,7154,8.99,1637,9.04,504,9.05,6018,9.06,203,9.07,569,9.08,1718,B
SZ,000002,2013-7-29,10: 3:19,9.04,109,390275,98496,9.03,3830,9.02,832,9.01,1725,9.00,7241,8.99,1637,9.04,3039,9.05,5968,9.06,208,9.07,569,9.08,1721,B
SZ,000002,2013-7-29,10: 3:25,9.04,276,390551,249408,9.03,3891,9.02,846,9.01,1728,9.00,7239,8.99,1610,9.04,4483,9.05,5474,9.06,208,9.07,614,9.08,1721,B
SZ,000002,2013-7-29,10: 3:28,9.04,32,390583,28896,9.03,3979,9.02,846,9.01,1731,9.00,7252,8.99,1610,9.04,4453,9.05,5474,9.06,208,9.07,614,9.08,1721,B
SZ,000002,2013-7-29,10: 3:34,9.04,131,390714,118400,9.03,3847,9.02,896,9.01,1731,9.00,7284,8.99,1610,9.04,3924,9.05,5048,9.06,178,9.07,619,9.08,1721,B
SZ,000002,2013-7-29,10: 3:43,9.04,1643,392357,1483680,9.03,2276,9.02,1007,9.01,1751,9.00,7293,8.99,1623,9.04,4419,9.05,4926,9.06,178,9.07,619,9.08,1721,B
SZ,000002,2013-7-29,10: 3:46,9.03,2317,394674,2092288,9.02,1007,9.01,1761,9.00,7254,8.99,1623,8.98,1907,9.03,526,9.04,4400,9.05,4919,9.06,178,9.07,612,S
SZ,000002,2013-7-29,10: 3:49,9.02,33,394707,29792,9.02,1006,9.01,1761,9.00,7257,8.99,1624,8.98,1907,9.03,2614,9.04,4398,9.05,4919,9.06,198,9.07,612,S
SZ,000002,2013-7-29,10: 4:01,9.02,2488,397195,2244160,9.01,1655,9.00,7297,8.99,1626,8.98,1927,8.97,2611,9.02,4760,9.03,3759,9.04,3061,9.05,4919,9.06,198,B
SZ,000002,2013-7-29,10: 4:04,9.02,106,397301,95616,9.01,1681,9.00,7312,8.99,1626,8.98,1916,8.97,2611,9.02,5969,9.03,2759,9.04,2561,9.05,4919,9.06,198,B
SZ,000002,2013-7-29,10: 4:10,9.02,624,397925,561952,9.01,1330,9.00,7344,8.99,1632,8.98,1915,8.97,2611,9.02,4877,9.03,1810,9.04,2561,9.05,4921,9.06,138,B
SZ,000002,2013-7-29,10: 4:16,9.01,1532,399457,1381024,9.00,7414,8.99,1632,8.98,1933,8.97,2616,8.96,2168,9.01,2347,9.02,4283,9.03,1810,9.04,2561,9.05,4921,S
SZ,000002,2013-7-29,10: 4:19,9.01,53,399510,47744,9.00,7316,8.99,1632,8.98,1928,8.97,2616,8.96,2168,9.01,4636,9.02,3283,9.03,1310,9.04,2561,9.05,4921,B
SZ,000002,2013-7-29,10: 4:25,9.01,416,399926,374816,9.00,7252,8.99,1653,8.98,1931,8.97,2616,8.96,2158,9.01,3632,9.02,2483,9.03,1105,9.04,2531,9.05,4941,B
SZ,000002,2013-7-29,10: 4:28,9.00,990,400916,891008,9.00,6292,8.99,1653,8.98,1947,8.97,3116,8.96,2958,9.01,2649,9.02,1338,9.03,1105,9.04,2515,9.05,4941,S
SZ,000002,2013-7-29,10: 4:34,9.00,1962,402878,1765856,9.00,5748,8.99,1688,8.98,1967,8.97,3616,8.96,2958,9.01,1123,9.02,759,9.03,167,9.04,2186,9.05,4940,B
SZ,000002,2013-7-29,10: 4:40,9.01,3277,406155,2948704,9.00,2608,8.99,1688,8.98,1977,8.97,3616,8.96,2958,9.01,1657,9.02,330,9.03,167,9.04,2171,9.05,4940,B
SZ,000002,2013-7-29,10: 4:46,9.01,52,406207,47008,9.00,3059,8.99,1688,8.98,1977,8.97,3621,8.96,2963,9.01,1627,9.02,330,9.03,187,9.04,2121,9.05,4940,B
SZ,000002,2013-7-29,10: 4:52,9.01,260,406467,234176,9.00,12079,8.99,2466,8.98,1980,8.97,3134,8.96,2163,9.01,1436,9.02,330,9.03,187,9.04,2131,9.05,4940,B
SZ,000002,2013-7-29,10: 5:01,9.01,5923,412390,5335616,9.01,4050,9.00,10096,8.99,2466,8.98,1976,8.97,2634,9.02,110,9.03,323,9.04,2075,9.05,4941,9.06,116,B
SZ,000002,2013-7-29,10: 5:04,9.03,671,413061,605184,9.03,57,9.02,502,9.01,3784,9.00,10288,8.99,1666,9.04,2075,9.05,4941,9.06,116,9.07,612,9.08,230,B
SZ,000002,2013-7-29,10: 5:10,9.02,694,413755,626144,9.01,4321,9.00,10335,8.99,1726,8.98,2457,8.97,2633,9.02,1127,9.03,0,9.04,2075,9.05,4879,9.06,216,S
SZ,000002,2013-7-29,10: 5:19,9.02,663,414418,598016,9.01,5038,9.00,10382,8.99,1726,8.98,2476,8.97,2633,9.02,470,9.03,1400,9.04,2075,9.05,4849,9.06,216,B
SZ,000002,2013-7-29,10: 5:22,9.02,1192,415610,1074144,9.01,3360,9.00,10399,8.99,1715,8.98,2484,8.97,2633,9.02,307,9.03,1400,9.04,2025,9.05,4849,9.06,216,B
SZ,000002,2013-7-29,10: 5:34,9.02,4045,419655,3645632,9.01,3045,9.00,10593,8.99,1725,8.98,2484,8.97,2633,9.02,208,9.03,1400,9.04,1975,9.05,4829,9.06,216,B
SZ,000002,2013-7-29,10: 5:40,9.02,110,419765,99136,9.01,3027,9.00,10768,8.99,1717,8.98,2486,8.97,2644,9.02,1818,9.03,1400,9.04,1974,9.05,4829,9.06,216,B
SZ,000002,2013-7-29,10: 5:43,9.01,124,419889,111776,9.01,3000,9.00,10771,8.99,1717,8.98,2486,8.97,2644,9.02,2134,9.03,1400,9.04,1974,9.05,4829,9.06,216,S
SZ,000002,2013-7-29,10: 5:55,9.01,466,420355,420576,9.01,2722,9.00,10927,8.99,1717,8.98,2507,8.97,2641,9.02,2480,9.03,1400,9.04,1974,9.05,4829,9.06,216,B
SZ,000002,2013-7-29,10: 6:01,9.01,245,420600,220832,9.01,2780,9.00,10951,8.99,1730,8.98,2509,8.97,2663,9.02,2425,9.03,1600,9.04,1974,9.05,4829,9.06,216,B
SZ,000002,2013-7-29,10: 6:04,9.02,8,420608,7200,9.01,3300,9.00,11006,8.99,1730,8.98,2569,8.97,2663,9.02,2422,9.03,1600,9.04,1974,9.05,4829,9.06,216,B
SZ,000002,2013-7-29,10: 6:10,9.01,146,420754,131520,9.01,3310,9.00,11042,8.99,1730,8.98,2589,8.97,2663,9.02,2352,9.03,1600,9.04,1974,9.05,4829,9.06,216,S
SZ,000002,2013-7-29,10: 6:19,9.02,102,420856,91936,9.01,3632,9.00,11470,8.99,1720,8.98,2640,8.97,2663,9.02,3161,9.03,1600,9.04,1974,9.05,4329,9.06,216,B
SZ,000002,2013-7-29,10: 6:22,9.02,171,421027,154080,9.01,3530,9.00,11473,8.99,1720,8.98,2634,8.97,2663,9.02,3153,9.03,1600,9.04,1974,9.05,4329,9.06,216,B
SZ,000002,2013-7-29,10: 6:31,9.01,4299,425326,3873216,9.01,10,9.00,11219,8.99,1720,8.98,2653,8.97,2663,9.02,2944,9.03,1650,9.04,1974,9.05,4329,9.06,216,S
SZ,000002,2013-7-29,10: 6:34,9.02,58,425384,52288,9.01,1049,9.00,11729,8.99,1720,8.98,2653,8.97,2663,9.02,2936,9.03,1650,9.04,1974,9.05,4329,9.06,216,B
SZ,000002,2013-7-29,10: 6:40,9.02,1453,426837,1310176,9.01,663,9.00,11786,8.99,1715,8.98,2611,8.97,2666,9.02,2065,9.03,1650,9.04,1974,9.05,4329,9.06,216,B
SZ,000002,2013-7-29,10: 6:46,9.01,653,427490,588320,9.01,56,9.00,13426,8.99,1735,8.98,2650,8.97,2666,9.02,2030,9.03,1650,9.04,1974,9.05,4329,9.06,216,S
SZ,000002,2013-7-29,10: 6:49,9.02,36,427526,32096,9.01,38,9.00,13443,8.99,1735,8.98,2650,8.97,2666,9.02,2022,9.03,1650,9.04,1974,9.05,4329,9.06,216,B
SZ,000002,2013-7-29,10: 6:58,9.01,1909,429435,1718240,9.00,11830,8.99,1740,8.98,2676,8.97,2666,8.96,2249,9.01,39,9.02,2011,9.03,1650,9.04,1974,9.05,4329,S
SZ,000002,2013-7-29,10: 7:04,9.02,130,429565,117184,9.01,1072,9.00,11500,8.99,1740,8.98,2689,8.97,2766,9.02,1970,9.03,1650,9.04,1974,9.05,4329,9.06,211,B
SZ,000002,2013-7-29,10: 7:07,9.02,4,429569,3584,9.01,1001,9.00,11582,8.99,1770,8.98,2689,8.97,2766,9.02,1968,9.03,1650,9.04,1974,9.05,4329,9.06,211,B
SZ,000002,2013-7-29,10: 7:13,9.02,1179,430748,1063264,9.01,1412,9.00,11616,8.99,1775,8.98,2690,8.97,2766,9.02,1427,9.03,1650,9.04,1974,9.05,4329,9.06,211,B
SZ,000002,2013-7-29,10: 7:16,9.02,18,430766,16224,9.01,1415,9.00,11621,8.99,1775,8.98,2680,8.97,2766,9.02,1409,9.03,1650,9.04,1974,9.05,4329,9.06,211,B
SZ,000002,2013-7-29,10: 7:25,9.01,360,431126,324608,9.01,1678,9.00,11822,8.99,1786,8.98,2686,8.97,2770,9.02,1300,9.03,1650,9.04,1974,9.05,4392,9.06,211,S
SZ,000002,2013-7-29,10: 7:28,9.01,21,431147,18944,9.01,1712,9.00,11827,8.99,1785,8.98,2686,8.97,2770,9.02,1306,9.03,1650,9.04,1474,9.05,4392,9.06,211,B
SZ,000002,2013-7-29,10: 7:34,9.02,110,431257,99104,9.01,1776,9.00,13363,8.99,1785,8.98,2691,8.97,2770,9.02,1296,9.03,1650,9.04,1474,9.05,4392,9.06,211,B
SZ,000002,2013-7-29,10: 7:40,9.01,419,431676,377600,9.01,1660,9.00,13364,8.99,1785,8.98,2681,8.97,2782,9.02,1092,9.03,1650,9.04,1474,9.05,4392,9.06,211,S
SZ,000002,2013-7-29,10: 7:43,9.02,1153,432829,1039776,9.02,218,9.01,1679,9.00,13379,8.99,1785,8.98,2681,9.03,1650,9.04,1474,9.05,4392,9.06,211,9.07,449,B
SZ,000002,2013-7-29,10: 7:52,9.02,4,432833,3616,9.02,279,9.01,2431,9.00,13396,8.99,1787,8.98,2671,9.03,1650,9.04,1474,9.05,4392,9.06,211,9.07,449,B
SZ,000002,2013-7-29,10: 7:55,9.02,86,432919,77632,9.02,571,9.01,2462,9.00,13448,8.99,1787,8.98,2671,9.03,1600,9.04,1474,9.05,4392,9.06,211,9.07,449,B
SZ,000002,2013-7-29,10: 7:58,9.02,117,433036,105696,9.02,979,9.01,2467,9.00,13486,8.99,1787,8.98,2671,9.03,1500,9.04,1474,9.05,4392,9.06,211,9.07,449,B
SZ,000002,2013-7-29,10: 8:04,9.03,165,433201,148480,9.02,786,9.01,2477,9.00,13529,8.99,1926,8.98,2661,9.03,1367,9.04,1474,9.05,4392,9.06,211,9.07,449,B
SZ,000002,2013-7-29,10: 8:10,9.02,99,433300,89696,9.02,731,9.01,2481,9.00,13593,8.99,1926,8.98,2661,9.03,1353,9.04,1474,9.05,4292,9.06,211,9.07,449,S
SZ,000002,2013-7-29,10: 8:13,9.02,10,433310,9024,9.02,2256,9.01,2503,9.00,13608,8.99,1924,8.98,2663,9.03,1351,9.04,1474,9.05,4292,9.06,211,9.07,449,B
SZ,000002,2013-7-29,10: 8:25,9.02,2189,435499,1976352,9.02,2316,9.01,1908,9.00,13645,8.99,1910,8.98,2716,9.04,1150,9.05,4292,9.06,211,9.07,449,9.08,228,B
SZ,000002,2013-7-29,10: 8:31,9.02,1844,437343,1663296,9.03,1,9.02,499,9.01,1918,9.00,13737,8.99,1915,9.04,1150,9.05,4292,9.06,211,9.07,449,9.08,228,B
SZ,000002,2013-7-29,10: 8:34,9.03,15,437358,13568,9.03,51,9.02,616,9.01,1921,9.00,13755,8.99,1915,9.04,1150,9.05,4292,9.06,211,9.07,449,9.08,228,B
SZ,000002,2013-7-29,10: 8:37,9.02,139,437497,125568,9.02,620,9.01,1926,9.00,13878,8.99,1915,8.98,2748,9.04,1156,9.05,4292,9.06,211,9.07,449,9.08,228,S
SZ,000002,2013-7-29,10: 8:43,9.04,224,437721,202432,9.02,2605,9.01,1955,9.00,13861,8.99,1915,8.98,2739,9.04,975,9.05,4334,9.06,211,9.07,449,9.08,228,B
SZ,000002,2013-7-29,10: 8:49,9.04,20,437741,18240,9.03,14,9.02,2663,9.01,1955,9.00,13837,8.99,1930,9.04,972,9.05,4334,9.06,211,9.07,415,9.08,228,B
SZ,000002,2013-7-29,10: 8:54,9.04,88,437829,79552,9.03,28,9.02,2708,9.01,1958,9.00,13837,8.99,1930,9.04,884,9.05,4334,9.06,211,9.07,404,9.08,228,B
SZ,000002,2013-7-29,10: 8:58,9.03,38,437867,34144,9.02,2710,9.01,1958,9.00,13839,8.99,1908,8.98,2800,9.03,47,9.04,944,9.05,4334,9.06,211,9.07,394,S
SZ,000002,2013-7-29,10: 9:04,9.04,250,438117,225920,9.03,97,9.02,2647,9.01,1993,9.00,13869,8.99,1900,9.04,796,9.05,1004,9.06,211,9.07,384,9.08,228,B
SZ,000002,2013-7-29,10: 9:16,9.04,502,438619,453376,9.03,78,9.02,2562,9.01,2038,9.00,14187,8.99,1901,9.04,456,9.05,327,9.06,211,9.07,384,9.08,228,B
SZ,000002,2013-7-29,10: 9:19,9.04,272,438891,245888,9.03,78,9.02,2562,9.01,2050,9.00,14208,8.99,1913,9.04,184,9.05,327,9.06,211,9.07,384,9.08,228,B
SZ,000002,2013-7-29,10: 9:22,9.08,1413,440304,1280544,9.08,215,9.03,94,9.02,2552,9.01,2078,9.00,14142,9.09,2957,9.10,3264,9.11,613,9.12,248,9.13,483,B
SZ,000002,2013-7-29,10: 9:28,9.08,276,440580,250208,9.04,213,9.03,149,9.02,2581,9.01,2078,9.00,14173,9.08,19,9.09,2957,9.10,3264,9.11,613,9.12,248,B
SZ,000002,2013-7-29,10: 9:43,9.08,30,440610,27232,9.04,403,9.03,702,9.02,2511,9.01,1701,9.00,14313,9.08,251,9.09,2939,9.10,3264,9.11,613,9.12,248,B
SZ,000002,2013-7-29,10: 9:46,9.04,433,441043,391456,9.03,631,9.02,2524,9.01,1701,9.00,14413,8.99,1909,9.04,964,9.08,306,9.09,2939,9.10,3264,9.11,613,S
SZ,000002,2013-7-29,10: 9:49,9.04,81,441124,73184,9.03,622,9.02,2536,9.01,1691,9.00,14475,8.99,1904,9.04,906,9.08,307,9.09,2939,9.10,3264,9.11,613,B
SZ,000002,2013-7-29,10: 9:52,9.04,105,441229,94912,9.03,623,9.02,2536,9.01,1721,9.00,14483,8.99,1904,9.04,801,9.08,842,9.09,2939,9.10,3264,9.11,613,B
SZ,000002,2013-7-29,10:10:01,9.03,1097,442326,991360,9.02,2593,9.01,1793,9.00,14517,8.99,1932,8.98,2318,9.03,289,9.04,60,9.07,515,9.08,1637,9.09,2950,S
SZ,000002,2013-7-29,10:10:04,9.07,399,442725,361312,9.04,164,9.03,10,9.02,2643,9.01,1798,9.00,14562,9.07,465,9.08,2152,9.09,2950,9.10,3264,9.11,613,B
SZ,000002,2013-7-29,10:10:16,9.04,360,443085,324992,9.04,414,9.03,820,9.02,2653,9.01,2578,9.00,14649,9.06,49,9.07,465,9.08,2378,9.09,2950,9.10,3264,S
SZ,000002,2013-7-29,10:10:19,9.06,140,443225,126560,9.04,313,9.03,805,9.02,2653,9.01,2578,9.00,14650,9.06,47,9.07,465,9.08,2389,9.09,2950,9.10,3264,B
SZ,000002,2013-7-29,10:10:25,9.06,44,443269,39904,9.04,414,9.03,836,9.02,2662,9.01,2689,9.00,14659,9.06,43,9.07,474,9.08,2462,9.09,2950,9.10,3267,B
SZ,000002,2013-7-29,10:10:28,9.06,29,443298,26272,9.05,26,9.04,416,9.03,840,9.02,2664,9.01,2712,9.06,39,9.07,474,9.08,2463,9.09,2950,9.10,3267,B
SZ,000002,2013-7-29,10:10:34,9.05,584,443882,528224,9.04,1038,9.03,882,9.02,2663,9.01,2717,9.00,14779,9.05,33,9.07,366,9.08,2466,9.09,2950,9.10,3267,S
SZ,000002,2013-7-29,10:10:40,9.05,33,443915,29888,9.06,39,9.05,467,9.04,1096,9.03,887,9.02,2744,9.07,366,9.08,2466,9.09,2941,9.10,3287,9.11,420,B
SZ,000002,2013-7-29,10:10:49,9.06,92,444007,83360,9.05,561,9.04,1648,9.03,802,9.02,2745,9.01,2744,9.06,378,9.07,434,9.08,2468,9.09,2931,9.10,3287,B
SZ,000002,2013-7-29,10:10:58,9.06,234,444241,212032,9.05,581,9.04,2081,9.03,815,9.02,2791,9.01,2673,9.06,144,9.07,484,9.08,2468,9.09,2924,9.10,3283,B
SZ,000002,2013-7-29,10:11:01,9.05,556,444797,504032,9.05,216,9.04,2066,9.03,815,9.02,2791,9.01,2679,9.06,113,9.07,507,9.08,2468,9.09,2924,9.10,3283,S
SZ,000002,2013-7-29,10:11:16,9.06,391,445188,354176,9.06,288,9.05,283,9.04,2186,9.03,730,9.02,2845,9.07,662,9.08,2473,9.09,3036,9.10,1283,9.11,430,B
SZ,000002,2013-7-29,10:11:19,9.06,205,445393,185728,9.06,169,9.05,283,9.04,2186,9.03,817,9.02,2845,9.07,662,9.08,2473,9.09,3036,9.10,1283,9.11,430,B
SZ,000002,2013-7-29,10:11:25,9.07,63,445456,57216,9.06,258,9.05,273,9.04,2205,9.03,817,9.02,2945,9.07,839,9.08,2464,9.09,3036,9.10,1283,9.11,430,B
SZ,000002,2013-7-29,10:11:34,9.07,251,445707,227424,9.06,212,9.05,293,9.04,2205,9.03,689,9.02,2949,9.07,1072,9.08,2444,9.09,3036,9.10,1427,9.11,430,B
SZ,000002,2013-7-29,10:11:40,9.07,108,445815,97952,9.06,352,9.05,303,9.04,2204,9.03,858,9.02,2952,9.07,1472,9.08,2434,9.09,3046,9.10,1467,9.11,430,B
SZ,000002,2013-7-29,10:11:46,9.07,232,446047,210400,9.06,380,9.05,303,9.04,2265,9.03,908,9.02,2952,9.07,1278,9.08,2029,9.09,3046,9.10,1467,9.11,430,B
SZ,000002,2013-7-29,10:11:55,9.07,543,446590,492064,9.05,302,9.04,2275,9.03,930,9.02,2982,9.01,2766,9.07,1041,9.08,2029,9.09,3046,9.10,1467,9.11,430,B
SZ,000002,2013-7-29,10:12:04,9.07,51,446641,46208,9.06,100,9.05,452,9.04,2272,9.03,935,9.02,2982,9.07,1029,9.08,2029,9.09,3046,9.10,1497,9.11,430,B
SZ,000002,2013-7-29,10:12:13,9.04,2757,449398,2493728,9.05,1,9.04,734,9.03,944,9.02,2982,9.01,2972,9.07,1094,9.08,2005,9.09,3046,9.10,1477,9.11,430,S
SZ,000002,2013-7-29,10:12:16,9.07,7,449405,6336,9.06,5,9.05,61,9.04,734,9.03,941,9.02,2984,9.07,1094,9.08,2005,9.09,3046,9.10,1477,9.11,430,B
SZ,000002,2013-7-29,10:12:19,9.07,65,449470,58912,9.06,10,9.05,66,9.04,784,9.03,933,9.02,2984,9.07,1095,9.08,2005,9.09,3046,9.10,1477,9.11,430,B
SZ,000002,2013-7-29,10:12:25,9.07,91,449561,82624,9.06,40,9.05,76,9.04,784,9.03,956,9.02,2984,9.07,1060,9.08,1505,9.09,3046,9.10,1477,9.11,433,B
SZ,000002,2013-7-29,10:12:34,9.06,86,449647,77792,9.05,130,9.04,1284,9.03,963,9.02,2908,9.01,2973,9.06,472,9.07,1444,9.08,1505,9.09,3046,9.10,1477,S
SZ,000002,2013-7-29,10:12:37,9.06,15,449662,13600,9.05,130,9.04,1284,9.03,963,9.02,2833,9.01,2973,9.06,462,9.07,1444,9.08,1505,9.09,3051,9.10,1477,B
SZ,000002,2013-7-29,10:12:46,9.05,803,450465,727424,9.05,100,9.04,1324,9.03,1028,9.02,2813,9.01,2118,9.07,1573,9.08,1428,9.09,3051,9.10,1477,9.11,433,S
SZ,000002,2013-7-29,10:12:49,9.05,16,450481,15040,9.05,89,9.04,1334,9.03,1028,9.02,2813,9.01,2123,9.06,40,9.07,1573,9.08,1428,9.09,3049,9.10,1477,B
SZ,000002,2013-7-29,10:13:01,9.06,191,450672,173088,9.05,163,9.04,1397,9.03,1121,9.02,2813,9.01,2135,9.06,159,9.07,1625,9.08,1438,9.09,3042,9.10,1477,B
SZ,000002,2013-7-29,10:13:10,9.05,69,450741,61984,9.05,7899,9.04,1410,9.03,1113,9.02,2818,9.01,2285,9.06,112,9.07,1632,9.08,1422,9.09,3037,9.10,1477,S
SZ,000002,2013-7-29,10:13:19,9.05,57,450798,51584,9.05,8289,9.04,1420,9.03,1116,9.02,2818,9.01,2280,9.06,126,9.07,1632,9.08,1422,9.09,3037,9.10,1479,B
SZ,000002,2013-7-29,10:13:22,9.06,125,450923,113344,9.05,8302,9.04,1436,9.03,1116,9.02,2844,9.01,2360,9.06,42,9.07,1632,9.08,1412,9.09,3037,9.10,1479,B
SZ,000002,2013-7-29,10:13:31,9.07,148,451071,134080,9.06,187,9.05,8468,9.04,1446,9.03,1100,9.02,2844,9.07,1521,9.08,1392,9.09,3037,9.10,1479,9.11,330,B
SZ,000002,2013-7-29,10:13:34,9.06,85,451156,76992,9.06,123,9.05,8467,9.04,1446,9.03,929,9.02,2844,9.07,1409,9.08,1337,9.09,3037,9.10,1479,9.11,330,S
SZ,000002,2013-7-29,10:13:40,9.07,1,451157,928,9.06,251,9.05,8497,9.04,1446,9.03,929,9.02,2844,9.07,744,9.08,1337,9.09,3037,9.10,1479,9.11,330,B
SZ,000002,2013-7-29,10:13:46,9.06,85,451242,77056,9.06,373,9.05,8558,9.04,1446,9.03,995,9.02,2844,9.07,679,9.08,1327,9.09,3037,9.10,1479,9.11,330,S
SZ,000002,2013-7-29,10:13:55,9.06,1008,452250,913472,9.06,537,9.05,8611,9.04,1446,9.03,1098,9.02,2820,9.07,196,9.08,1627,9.09,3037,9.10,1479,9.11,330,B
SZ,000002,2013-7-29,10:14:01,9.05,7114,459364,6439040,9.05,2252,9.04,1430,9.03,1099,9.02,2820,9.01,2373,9.07,119,9.08,1621,9.09,3037,9.10,1479,9.11,330,S
SZ,000002,2013-7-29,10:14:07,9.07,29,459393,26528,9.06,7,9.05,2252,9.04,1430,9.03,1099,9.02,2820,9.07,107,9.08,1621,9.09,3037,9.10,1479,9.11,330,B
SZ,000002,2013-7-29,10:14:13,9.05,89,459482,80352,9.05,2210,9.04,1430,9.03,1097,9.02,2820,9.01,2373,9.06,67,9.07,88,9.08,1621,9.09,3037,9.10,1589,S
SZ,000002,2013-7-29,10:14:19,9.07,131,459613,119328,9.06,63,9.05,2485,9.04,1434,9.03,1097,9.02,2820,9.07,110,9.08,1681,9.09,3037,9.10,1589,9.11,330,B
SZ,000002,2013-7-29,10:14:25,9.06,128,459741,115168,9.06,73,9.05,2471,9.04,1434,9.03,1048,9.02,2820,9.07,169,9.08,1381,9.09,2937,9.10,1607,9.11,330,S
SZ,000002,2013-7-29,10:14:34,9.06,235,459976,212896,9.05,2533,9.04,1435,9.03,1034,9.02,2819,9.01,2373,9.06,458,9.07,700,9.08,1361,9.09,2937,9.10,1707,B
SZ,000002,2013-7-29,10:14:40,9.06,99,460075,89632,9.05,2528,9.04,1440,9.03,1050,9.02,2819,9.01,2443,9.06,421,9.07,796,9.08,1366,9.09,2937,9.10,1657,B
SZ,000002,2013-7-29,10:14:46,9.07,501,460576,453984,9.06,10,9.05,2520,9.04,1441,9.03,1149,9.02,2819,9.07,754,9.08,1371,9.09,2937,9.10,1657,9.11,330,B
SZ,000002,2013-7-29,10:14:49,9.05,16,460592,14944,9.06,55,9.05,2536,9.04,1441,9.03,1150,9.02,2819,9.07,754,9.08,1371,9.09,2937,9.10,1657,9.11,330,S
SZ,000002,2013-7-29,10:14:58,9.05,1665,462257,1507040,9.05,1568,9.04,1441,9.03,1150,9.02,2819,9.01,2449,9.07,926,9.08,2121,9.09,2937,9.10,1657,9.11,330,B
SZ,000002,2013-7-29,10:15:01,9.07,352,462609,318720,9.05,1654,9.04,1442,9.03,1152,9.02,2819,9.01,3370,9.07,910,9.08,2121,9.09,2937,9.10,1657,9.11,330,B
SZ,000002,2013-7-29,10:15:04,9.05,13,462622,11744,9.05,1661,9.04,1442,9.03,1152,9.02,2809,9.01,3371,9.07,810,9.08,2121,9.09,2937,9.10,1657,9.11,330,S
SZ,000002,2013-7-29,10:15:13,9.07,235,462857,212448,9.05,1552,9.04,1438,9.03,1186,9.02,2809,9.01,3398,9.07,2814,9.08,2101,9.09,2937,9.10,1666,9.11,330,B
SZ,000002,2013-7-29,10:15:19,9.07,40,462897,36192,9.05,1568,9.04,1438,9.03,1175,9.02,2809,9.01,3438,9.07,2810,9.08,2101,9.09,2937,9.10,1666,9.11,330,B
SZ,000002,2013-7-29,10:15:22,9.05,43,462940,39072,9.05,1572,9.04,1468,9.03,1199,9.02,2809,9.01,3438,9.07,2707,9.08,2101,9.09,2937,9.10,1666,9.11,330,S
SZ,000002,2013-7-29,10:15:31,9.07,59,462999,53536,9.06,100,9.05,1668,9.04,1468,9.03,1204,9.02,2809,9.07,2727,9.08,2101,9.09,2937,9.10,1666,9.11,330,B
SZ,000002,2013-7-29,10:15:34,9.06,25,463024,22624,9.06,146,9.05,1737,9.04,1468,9.03,1219,9.02,2809,9.07,2727,9.08,2096,9.09,2937,9.10,1666,9.11,330,S
SZ,000002,2013-7-29,10:15:37,9.07,11,463035,9984,9.06,222,9.05,1780,9.04,1468,9.03,1224,9.02,2809,9.07,2716,9.08,2096,9.09,2937,9.10,1666,9.11,330,B
SZ,000002,2013-7-29,10:15:43,9.07,91,463126,82496,9.06,181,9.05,1911,9.04,1468,9.03,1234,9.02,2809,9.07,2678,9.08,2096,9.09,2952,9.10,1666,9.11,330,B
SZ,000002,2013-7-29,10:15:46,9.07,34,463160,30848,9.06,181,9.05,1911,9.04,1468,9.03,1234,9.02,2814,9.07,2646,9.08,2096,9.09,2940,9.10,1666,9.11,330,B
SZ,000002,2013-7-29,10:15:55,9.06,542,463702,491072,9.05,1974,9.04,1479,9.03,1264,9.02,2831,9.01,3443,9.06,16,9.07,2608,9.08,2066,9.09,2940,9.10,1666,S
SZ,000002,2013-7-29,10:16:00,9.06,337,464039,305696,9.06,35,9.05,2022,9.04,1480,9.03,1264,9.02,2831,9.07,2342,9.08,2066,9.09,2940,9.10,1666,9.11,330,B
SZ,000002,2013-7-29,10:16:04,9.06,85,464124,76864,9.05,1988,9.04,1480,9.03,1264,9.02,2831,9.01,3440,9.06,119,9.07,2342,9.08,2066,9.09,2940,9.10,1683,B
SZ,000002,2013-7-29,10:16:10,9.05,125,464249,113440,9.05,2083,9.04,1480,9.03,1276,9.02,2831,9.01,3440,9.06,10,9.07,2342,9.08,2066,9.09,2940,9.10,1683,S
SZ,000002,2013-7-29,10:16:19,9.06,26,464275,23584,9.06,506,9.05,2115,9.04,1475,9.03,1276,9.02,2831,9.07,2340,9.08,2066,9.09,2940,9.10,1689,9.11,360,B
SZ,000002,2013-7-29,10:16:28,9.06,117,464392,106176,9.06,637,9.05,2467,9.04,1478,9.03,1271,9.02,2832,9.07,2268,9.08,2066,9.09,2940,9.10,1689,9.11,370,B
SZ,000002,2013-7-29,10:16:37,9.07,400,464792,362432,9.06,301,9.05,2503,9.04,1478,9.03,1271,9.02,2842,9.07,2232,9.08,2026,9.09,2944,9.10,1689,9.11,370,B
SZ,000002,2013-7-29,10:16:40,9.07,133,464925,120608,9.06,280,9.05,2503,9.04,1508,9.03,1277,9.02,2842,9.07,2162,9.08,2026,9.09,2944,9.10,1689,9.11,370,B
SZ,000002,2013-7-29,10:16:43,9.06,15,464940,13600,9.06,487,9.05,2508,9.04,1552,9.03,1277,9.02,2842,9.07,2161,9.08,2026,9.09,2944,9.10,1689,9.11,370,S
SZ,000002,2013-7-29,10:16:49,9.06,638,465578,578624,9.06,807,9.05,2515,9.04,1552,9.03,1277,9.02,2895,9.07,1541,9.08,2026,9.09,2944,9.10,1689,9.11,370,B
SZ,000002,2013-7-29,10:16:58,9.06,1321,466899,1198048,9.06,1140,9.05,2573,9.04,1515,9.03,1217,9.02,2908,9.07,323,9.08,1276,9.09,2944,9.10,1689,9.11,370,B
SZ,000002,2013-7-29,10:17:04,9.08,1651,468550,1496640,9.05,2570,9.04,1515,9.03,1161,9.02,2908,9.01,3470,9.08,1350,9.09,2924,9.10,1689,9.11,370,9.12,214,B
SZ,000002,2013-7-29,10:17:10,9.07,1351,469901,1226464,9.07,53,9.06,350,9.05,2573,9.04,1520,9.03,1181,9.08,16,9.09,2924,9.10,1689,9.11,370,9.12,214,S
SZ,000002,2013-7-29,10:17:16,9.09,47,469948,42720,9.08,73,9.07,75,9.06,1259,9.05,2579,9.04,1621,9.09,2893,9.10,1689,9.11,370,9.12,201,9.13,483,B
SZ,000002,2013-7-29,10:17:22,9.08,50,469998,45504,9.08,22,9.07,398,9.06,968,9.05,2576,9.04,1630,9.09,2889,9.10,1671,9.11,360,9.12,201,9.13,483,S
SZ,000002,2013-7-29,10:17:28,9.08,66,470064,59840,9.07,642,9.06,1028,9.05,2587,9.04,1632,9.03,1146,9.08,434,9.09,2939,9.10,1718,9.11,330,9.12,201,B
SZ,000002,2013-7-29,10:17:34,9.08,18,470082,16320,9.07,713,9.06,1028,9.05,2653,9.04,1632,9.03,1146,9.08,448,9.09,2949,9.10,1678,9.11,330,9.12,201,B
SZ,000002,2013-7-29,10:17:37,9.08,105,470187,95296,9.07,782,9.06,988,9.05,2658,9.04,1634,9.03,1146,9.08,389,9.09,2849,9.10,1658,9.11,330,9.12,201,B
SZ,000002,2013-7-29,10:17:43,9.08,217,470404,196928,9.07,812,9.06,991,9.05,2669,9.04,1607,9.03,1146,9.08,318,9.09,2829,9.10,1558,9.11,330,9.12,201,B
SZ,000002,2013-7-29,10:17:49,9.07,973,471377,882720,9.06,1725,9.05,2672,9.04,1607,9.03,1146,9.02,2901,9.07,26,9.08,318,9.09,2829,9.10,1458,9.11,430,S
SZ,000002,2013-7-29,10:17:55,9.07,58,471435,53024,9.07,284,9.06,1755,9.05,2668,9.04,1587,9.03,1136,9.08,306,9.09,2779,9.10,1458,9.11,430,9.12,201,B
SZ,000002,2013-7-29,10:18:01,9.08,83,471518,75360,9.07,897,9.06,1795,9.05,2861,9.04,1587,9.03,1136,9.08,226,9.09,2779,9.10,1458,9.11,430,9.12,201,B
SZ,000002,2013-7-29,10:18:10,9.08,256,471774,232512,9.08,173,9.07,996,9.06,1822,9.05,2855,9.04,1580,9.09,2670,9.10,1458,9.11,430,9.12,205,9.13,493,B
SZ,000002,2013-7-29,10:18:16,9.09,39,471813,35456,9.08,230,9.07,1051,9.06,1862,9.05,2925,9.04,1550,9.09,2631,9.10,1458,9.11,430,9.12,205,9.13,493,B
SZ,000002,2013-7-29,10:18:18,9.09,3,471816,2720,9.08,241,9.07,1052,9.06,1862,9.05,2924,9.04,1550,9.09,2628,9.10,1458,9.11,430,9.12,205,9.13,493,B
SZ,000002,2013-7-29,10:18:25,9.08,66,471882,59136,9.08,783,9.07,1065,9.06,1868,9.05,2924,9.04,1530,9.09,2624,9.10,1458,9.11,430,9.12,205,9.13,493,S
SZ,000002,2013-7-29,10:18:31,9.09,134,472016,121760,9.08,1590,9.07,1208,9.06,1896,9.05,2951,9.04,1515,9.09,2550,9.10,1485,9.11,430,9.12,319,9.13,543,B
SZ,000002,2013-7-29,10:18:43,9.09,628,472644,570816,9.08,1650,9.07,1110,9.06,1878,9.05,3143,9.04,1515,9.09,2008,9.10,1375,9.11,430,9.12,319,9.13,121,B
SZ,000002,2013-7-29,10:18:46,9.09,7,472651,6336,9.08,1679,9.07,1120,9.06,1880,9.05,3143,9.04,1515,9.09,2001,9.10,1375,9.11,430,9.12,319,9.13,121,B
SZ,000002,2013-7-29,10:18:52,9.09,1272,473923,1156704,9.08,1310,9.07,1147,9.06,1878,9.05,3133,9.04,1515,9.09,1145,9.10,1395,9.11,430,9.12,319,9.13,121,B
SZ,000002,2013-7-29,10:19:04,9.09,580,474503,527200,9.08,1472,9.07,572,9.06,1328,9.05,3132,9.04,1516,9.09,665,9.10,1335,9.11,430,9.12,319,9.13,171,B
SZ,000002,2013-7-29,10:19:10,9.09,521,475024,473408,9.08,1802,9.07,577,9.06,1300,9.05,3271,9.04,1516,9.09,346,9.10,1364,9.11,430,9.12,219,9.13,771,B
SZ,000002,2013-7-29,10:19:13,9.09,509,475533,462112,9.09,295,9.08,1838,9.07,573,9.06,1300,9.05,3259,9.10,1364,9.11,430,9.12,219,9.13,721,9.14,1328,B
SZ,000002,2013-7-29,10:19:22,9.10,618,476151,561600,9.08,1862,9.07,579,9.06,1329,9.05,3283,9.04,1516,9.10,1319,9.11,1180,9.12,219,9.13,757,9.14,1328,B
SZ,000002,2013-7-29,10:19:25,9.10,13,476164,11840,9.09,211,9.08,1932,9.07,578,9.06,1364,9.05,3283,9.10,1306,9.11,1180,9.12,219,9.13,757,9.14,1338,B
SZ,000002,2013-7-29,10:19:31,9.10,10,476174,9088,9.09,370,9.08,1939,9.07,566,9.06,1464,9.05,3259,9.10,1297,9.11,1180,9.12,224,9.13,777,9.14,1338,B
SZ,000002,2013-7-29,10:19:34,9.09,1,476175,928,9.09,374,9.08,1940,9.07,566,9.06,1465,9.05,2872,9.10,1297,9.11,1180,9.12,224,9.13,777,9.14,1338,S
SZ,000002,2013-7-29,10:19:43,9.10,536,476711,487392,9.09,688,9.08,1971,9.07,575,9.06,1465,9.05,2939,9.10,1115,9.11,1180,9.12,224,9.13,777,9.14,1388,B
SZ,000002,2013-7-29,10:19:49,9.10,139,476850,126400,9.09,644,9.08,1913,9.07,575,9.06,1465,9.05,2944,9.10,1078,9.11,1180,9.12,214,9.13,777,9.14,1388,B
SZ,000002,2013-7-29,10:19:55,9.10,260,477110,236512,9.09,586,9.08,1348,9.07,565,9.06,1465,9.05,2939,9.10,1043,9.11,1180,9.12,214,9.13,797,9.14,1388,B
SZ,000002,2013-7-29,10:20:01,9.09,589,477699,535584,9.09,184,9.08,1376,9.07,571,9.06,1465,9.05,2939,9.10,1024,9.11,1180,9.12,204,9.13,802,9.14,1388,S
SZ,000002,2013-7-29,10:20:07,9.10,97,477796,88928,9.09,203,9.08,1432,9.07,591,9.06,1456,9.05,2949,9.10,953,9.11,1180,9.12,204,9.13,804,9.14,1388,B
SZ,000002,2013-7-29,10:20:10,9.09,132,477928,120032,9.09,118,9.08,1432,9.07,561,9.06,1456,9.05,2969,9.10,921,9.11,1180,9.12,204,9.13,809,9.14,1388,S
SZ,000002,2013-7-29,10:20:13,9.09,166,478094,150144,9.08,1428,9.07,574,9.06,1456,9.05,2899,9.04,1510,9.09,101,9.10,913,9.11,1180,9.12,204,9.13,809,B
SZ,000002,2013-7-29,10:20:19,9.10,256,478350,232800,9.09,113,9.08,1449,9.07,586,9.06,1452,9.05,2974,9.10,1054,9.11,1180,9.12,204,9.13,826,9.14,1392,B
SZ,000002,2013-7-29,10:20:25,9.10,216,478566,196576,9.09,8,9.08,1449,9.07,436,9.06,1447,9.05,2997,9.10,1204,9.11,1180,9.12,204,9.13,826,9.14,1392,B
SZ,000002,2013-7-29,10:20:28,9.09,83,478649,75168,9.08,1407,9.07,436,9.06,1447,9.05,2997,9.04,1533,9.09,938,9.10,1451,9.11,1180,9.12,204,9.13,836,S
SZ,000002,2013-7-29,10:20:34,9.09,171,478820,155392,9.08,1430,9.07,430,9.06,1454,9.05,2991,9.04,1539,9.09,1839,9.10,1451,9.11,1180,9.12,204,9.13,840,B
SZ,000002,2013-7-29,10:20:43,9.08,3526,482346,3198560,9.08,2,9.06,73,9.05,3091,9.04,1537,9.03,821,9.09,2364,9.10,1634,9.11,1180,9.12,252,9.13,840,S
SZ,000002,2013-7-29,10:20:49,9.08,81,482427,73536,9.07,5,9.06,83,9.05,3092,9.04,1537,9.03,851,9.08,1380,9.09,2308,9.10,1634,9.11,1200,9.12,252,B
SZ,000002,2013-7-29,10:20:58,9.06,246,482673,223104,9.05,2624,9.04,1532,9.03,850,9.02,2807,9.01,2761,9.06,35,9.08,1835,9.09,2308,9.10,1634,9.11,1200,S
SZ,000002,2013-7-29,10:21:07,9.07,169,482842,153248,9.06,430,9.05,2605,9.04,1501,9.03,855,9.02,2827,9.07,522,9.08,2502,9.09,1704,9.10,1540,9.11,450,B
SZ,000002,2013-7-29,10:21:13,9.07,47,482889,42624,9.06,430,9.05,2733,9.04,1497,9.03,855,9.02,2827,9.07,632,9.08,2262,9.09,1704,9.10,1540,9.11,450,B
SZ,000002,2013-7-29,10:21:19,9.07,533,483422,482912,9.06,47,9.05,2734,9.04,1499,9.03,848,9.02,2827,9.07,720,9.08,2262,9.09,1704,9.10,1656,9.11,450,B
SZ,000002,2013-7-29,10:21:25,9.06,87,483509,78816,9.05,2710,9.04,1499,9.03,873,9.02,2829,9.01,2830,9.06,17,9.07,820,9.08,2362,9.09,1773,9.10,1566,S
SZ,000002,2013-7-29,10:21:28,9.07,205,483714,185920,9.06,1,9.05,2710,9.04,1499,9.03,873,9.02,2829,9.07,632,9.08,2362,9.09,2203,9.10,1516,9.11,450,B
SZ,000002,2013-7-29,10:21:34,9.07,61,483775,55328,9.06,143,9.05,2770,9.04,1499,9.03,823,9.02,2829,9.07,600,9.08,2382,9.09,2193,9.10,1516,9.11,450,B
SZ,000002,2013-7-29,10:21:40,9.07,249,484024,226464,9.06,7,9.05,2818,9.04,1499,9.03,829,9.02,2829,9.07,536,9.08,1882,9.09,2193,9.10,1516,9.11,450,B
SZ,000002,2013-7-29,10:21:46,9.06,349,484373,316416,9.06,505,9.05,2902,9.04,1503,9.03,829,9.02,2829,9.07,426,9.08,1832,9.09,2143,9.10,1516,9.11,450,S
SZ,000002,2013-7-29,10:21:55,9.05,1204,485577,1090496,9.05,2861,9.04,1508,9.03,1030,9.02,2829,9.01,2920,9.06,135,9.07,282,9.08,1844,9.09,2157,9.10,1519,S
SZ,000002,2013-7-29,10:21:58,9.07,279,485856,252768,9.05,2785,9.04,1508,9.03,1030,9.02,2829,9.01,2930,9.07,233,9.08,1890,9.09,2057,9.10,1519,9.11,450,B
SZ,000002,2013-7-29,10:22:04,9.07,160,486016,145568,9.06,8,9.05,2750,9.04,1507,9.03,1030,9.02,3664,9.07,226,9.08,1890,9.09,1968,9.10,1519,9.11,450,B
SZ,000002,2013-7-29,10:22:10,9.06,37,486053,33024,9.06,522,9.05,2661,9.04,1515,9.03,1030,9.02,3664,9.07,227,9.08,1890,9.09,1968,9.10,1519,9.11,450,S
SZ,000002,2013-7-29,10:22:16,9.08,1021,487074,925696,9.06,353,9.05,2677,9.04,1535,9.03,1029,9.02,3659,9.07,41,9.08,1727,9.09,1968,9.10,1509,9.11,450,B
SZ,000002,2013-7-29,10:22:25,9.06,407,487481,369248,9.05,2724,9.04,1545,9.03,1029,9.02,3661,9.01,2925,9.06,6,9.07,34,9.08,1727,9.09,1968,9.10,1504,S
SZ,000002,2013-7-29,10:22:28,9.07,10,487491,8736,9.06,25,9.05,2724,9.04,1530,9.03,1032,9.02,3661,9.07,8,9.08,1775,9.09,1968,9.10,1504,9.11,450,B
SZ,000002,2013-7-29,10:22:31,9.06,74,487565,67040,9.06,7,9.05,2736,9.04,1533,9.03,1032,9.02,3661,9.07,12,9.08,1275,9.09,1968,9.10,1454,9.11,450,S
SZ,000002,2013-7-29,10:22:40,9.07,69,487634,62272,9.06,39,9.05,2740,9.04,1563,9.03,1052,9.02,3690,9.07,450,9.08,1275,9.09,1968,9.10,1454,9.11,450,B
SZ,000002,2013-7-29,10:22:49,9.07,309,487943,280256,9.06,121,9.05,2841,9.04,1570,9.03,1077,9.02,3691,9.07,153,9.08,1270,9.09,2013,9.10,1461,9.11,450,B
SZ,000002,2013-7-29,10:22:55,9.07,267,488210,242432,9.07,8,9.06,71,9.05,2839,9.04,1575,9.03,1077,9.08,1310,9.09,2014,9.10,1461,9.11,450,9.12,218,B
SZ,000002,2013-7-29,10:23:04,9.08,73,488283,66208,9.07,4,9.06,699,9.05,2916,9.04,1575,9.03,1085,9.08,1274,9.09,2014,9.10,1451,9.11,450,9.12,218,B
SZ,000002,2013-7-29,10:23:10,9.06,649,488932,588000,9.06,380,9.05,2916,9.04,1563,9.03,1125,9.02,3680,9.07,3,9.08,1274,9.09,2014,9.10,1451,9.11,450,S
SZ,000002,2013-7-29,10:23:13,9.06,30,488962,27200,9.06,475,9.05,2951,9.04,1563,9.03,1125,9.02,3700,9.08,1284,9.09,2014,9.10,1451,9.11,450,9.12,218,B
SZ,000002,2013-7-29,10:23:25,9.06,542,489504,491104,9.05,2964,9.04,1561,9.03,1075,9.02,3700,9.01,2920,9.06,18,9.07,63,9.08,1284,9.09,1959,9.10,1401,B
SZ,000002,2013-7-29,10:23:31,9.07,33,489537,29888,9.06,42,9.05,3086,9.04,1561,9.03,1075,9.02,3700,9.07,48,9.08,1284,9.09,1959,9.10,1368,9.11,450,B
SZ,000002,2013-7-29,10:23:34,9.07,30,489567,27232,9.06,67,9.05,3086,9.04,1561,9.03,1075,9.02,3800,9.07,369,9.08,1318,9.09,1959,9.10,1368,9.11,450,B
SZ,000002,2013-7-29,10:23:43,9.07,1545,491112,1398432,9.06,13,9.05,1744,9.04,1561,9.03,1080,9.02,3795,9.07,366,9.08,1271,9.09,1371,9.10,1368,9.11,450,B
SZ,000002,2013-7-29,10:23:49,9.08,1672,492784,1517344,9.08,344,9.07,4,9.06,23,9.05,1769,9.04,1561,9.09,1391,9.10,1368,9.11,454,9.12,228,9.13,1305,B
SZ,000002,2013-7-29,10:23:52,9.08,50,492834,45408,9.08,294,9.07,7,9.06,45,9.05,1769,9.04,1561,9.09,1391,9.10,1368,9.11,454,9.12,228,9.13,1305,B
SZ,000002,2013-7-29,10:24:01,9.08,294,493128,267392,9.07,6,9.06,57,9.05,1891,9.04,1560,9.03,1082,9.08,36,9.09,1391,9.10,1368,9.11,454,9.12,228,B
SZ,000002,2013-7-29,10:24:07,9.07,16,493144,14528,9.06,137,9.05,1958,9.04,1560,9.03,1082,9.02,3795,9.07,5,9.08,139,9.09,1391,9.10,1368,9.11,454,S
SZ,000002,2013-7-29,10:24:12,9.07,14,493158,12288,9.07,40,9.06,304,9.05,1958,9.04,1560,9.03,1082,9.08,239,9.09,1391,9.10,3368,9.11,454,9.12,228,B
SZ,000002,2013-7-29,10:24:19,9.06,776,493934,704480,9.06,83,9.05,2474,9.04,1560,9.03,1082,9.02,3993,9.08,610,9.09,1391,9.10,3368,9.11,454,9.12,278,S
SZ,000002,2013-7-29,10:24:21,9.09,1500,495434,1362816,9.06,83,9.05,2474,9.04,1560,9.03,1085,9.02,3993,9.07,40,9.09,551,9.10,3370,9.11,454,9.12,278,B
SZ,000002,2013-7-29,10:24:28,9.07,70,495504,63104,9.06,128,9.05,2479,9.04,1560,9.03,1085,9.02,3993,9.07,75,9.08,16,9.09,561,9.10,3375,9.11,454,S
SZ,000002,2013-7-29,10:24:34,9.07,25,495529,22656,9.06,173,9.05,2479,9.04,1602,9.03,1086,9.02,3993,9.07,50,9.08,29,9.09,649,9.10,3375,9.11,454,B
SZ,000002,2013-7-29,10:24:37,9.08,79,495608,71808,9.08,1936,9.06,195,9.05,2488,9.04,1602,9.03,1086,9.09,649,9.10,3375,9.11,454,9.12,278,9.13,812,B
SZ,000002,2013-7-29,10:24:46,9.08,3739,499347,3402080,9.08,1741,9.07,65,9.06,303,9.05,2488,9.04,1617,9.09,124,9.10,575,9.11,454,9.12,268,9.13,817,B
SZ,000002,2013-7-29,10:24:52,9.08,84,499431,75520,9.08,1662,9.07,109,9.06,447,9.05,2575,9.04,1617,9.09,139,9.10,575,9.11,454,9.12,268,9.13,817,B
SZ,000002,2013-7-29,10:25:01,9.07,1850,501281,1679840,9.07,64,9.06,494,9.05,2733,9.04,1587,9.03,1082,9.08,409,9.09,29,9.10,575,9.11,454,9.12,268,S
SZ,000002,2013-7-29,10:25:13,9.07,237,501518,215200,9.07,1056,9.06,576,9.05,2733,9.04,1588,9.03,1067,9.08,188,9.09,425,9.10,602,9.11,454,9.12,268,B
SZ,000002,2013-7-29,10:25:16,9.08,105,501623,95328,9.07,1020,9.06,676,9.05,2733,9.04,1588,9.03,1067,9.08,121,9.09,425,9.10,607,9.11,454,9.12,268,B
SZ,000002,2013-7-29,10:25:25,9.08,607,502230,551328,9.08,625,9.07,1075,9.06,691,9.05,2789,9.04,1583,9.09,396,9.10,612,9.11,454,9.12,268,9.13,512,B
SZ,000002,2013-7-29,10:25:40,9.08,538,502768,488512,9.08,179,9.07,1079,9.06,2267,9.05,2830,9.04,1578,9.09,564,9.10,612,9.11,460,9.12,278,9.13,512,B
SZ,000002,2013-7-29,10:25:58,9.08,106,502874,96256,9.08,312,9.07,1072,9.06,2258,9.05,2754,9.04,1581,9.09,564,9.10,565,9.11,460,9.12,294,9.13,512,B
SZ,000002,2013-7-29,10:26:01,9.09,338,503212,307488,9.08,212,9.07,1069,9.06,2258,9.05,2819,9.04,1581,9.09,364,9.10,575,9.11,460,9.12,294,9.13,512,B
SZ,000002,2013-7-29,10:26:10,9.08,180,503392,163264,9.08,68,9.07,1088,9.06,2309,9.05,2828,9.04,1581,9.09,331,9.10,578,9.11,460,9.12,294,9.13,512,S
SZ,000002,2013-7-29,10:26:15,9.08,155,503547,140736,9.08,141,9.07,1095,9.06,2312,9.05,2828,9.04,1581,9.09,499,9.10,578,9.11,460,9.12,294,9.13,512,B
SZ,000002,2013-7-29,10:26:25,9.09,495,504042,449152,9.08,2,9.07,1058,9.06,2310,9.05,2843,9.04,1632,9.09,484,9.10,578,9.11,470,9.12,294,9.13,512,B
SZ,000002,2013-7-29,10:26:31,9.08,414,504456,375936,9.08,94,9.07,1078,9.06,2300,9.05,2806,9.04,1632,9.09,484,9.10,571,9.11,470,9.12,294,9.13,512,S
SZ,000002,2013-7-29,10:26:37,9.08,29,504485,26336,9.08,77,9.07,1978,9.06,2300,9.05,2776,9.04,1632,9.09,1058,9.10,571,9.11,470,9.12,294,9.13,512,B
SZ,000002,2013-7-29,10:26:43,9.08,144,504629,130752,9.07,1978,9.06,2300,9.05,2786,9.04,1632,9.03,1021,9.08,449,9.09,1054,9.10,571,9.11,470,9.12,294,B
SZ,000002,2013-7-29,10:26:46,9.08,14,504643,12704,9.07,1976,9.06,2300,9.05,2786,9.04,1632,9.03,1021,9.08,439,9.09,1071,9.10,571,9.11,470,9.12,294,B
SZ,000002,2013-7-29,10:26:54,9.08,2270,506913,2063136,9.07,1861,9.06,2203,9.05,2786,9.04,1632,9.03,1026,9.08,393,9.10,91,9.11,470,9.12,301,9.13,512,B
SZ,000002,2013-7-29,10:26:58,9.08,155,507068,140736,9.07,1866,9.06,2210,9.05,2786,9.04,1632,9.03,1026,9.08,241,9.10,391,9.11,470,9.12,301,9.13,512,B
SZ,000002,2013-7-29,10:27:04,9.07,60,507128,54464,9.07,1931,9.06,2210,9.05,2721,9.04,1627,9.03,1030,9.08,286,9.10,391,9.11,470,9.12,301,9.13,212,S
SZ,000002,2013-7-29,10:27:10,9.08,136,507264,123424,9.07,1856,9.06,2251,9.05,2731,9.04,1647,9.03,1030,9.08,240,9.10,504,9.11,470,9.12,301,9.13,212,B
SZ,000002,2013-7-29,10:27:16,9.07,222,507486,201760,9.07,1802,9.06,2256,9.05,2756,9.04,1647,9.03,1030,9.08,576,9.09,1,9.10,554,9.11,470,9.12,321,S
SZ,000002,2013-7-29,10:27:21,9.07,164,507650,148928,9.07,1716,9.06,2246,9.05,2784,9.04,1713,9.03,1030,9.08,499,9.09,1,9.10,2634,9.11,470,9.12,321,B
SZ,000002,2013-7-29,10:27:25,9.08,16,507666,14528,9.07,1716,9.06,2246,9.05,2662,9.04,1738,9.03,1040,9.08,483,9.09,1,9.10,2634,9.11,470,9.12,321,B
SZ,000002,2013-7-29,10:27:34,9.08,95,507761,86240,9.07,1960,9.06,2245,9.05,2671,9.04,1738,9.03,1030,9.08,411,9.09,11,9.10,2660,9.11,470,9.12,322,B
SZ,000002,2013-7-29,10:27:43,9.07,3455,511216,3141888,9.08,10,9.07,1542,9.06,2245,9.05,2680,9.04,1738,9.09,13,9.10,157,9.11,470,9.12,322,9.13,207,S
SZ,000002,2013-7-29,10:27:55,9.08,98,511314,88992,9.08,20,9.07,1488,9.06,2235,9.05,2696,9.04,1738,9.09,109,9.10,121,9.11,470,9.12,322,9.13,207,B
SZ,000002,2013-7-29,10:28:01,9.08,30,511344,27232,9.07,1488,9.06,2235,9.05,2696,9.04,1738,9.03,1030,9.08,558,9.09,177,9.10,130,9.11,470,9.12,322,B
SZ,000002,2013-7-29,10:28:04,9.08,127,511471,115328,9.07,1488,9.06,2238,9.05,2706,9.04,1738,9.03,1036,9.08,877,9.09,190,9.10,230,9.11,470,9.12,322,B
SZ,000002,2013-7-29,10:28:10,9.08,82,511553,74400,9.07,1446,9.06,2238,9.05,2747,9.04,1738,9.03,1036,9.08,972,9.09,321,9.10,250,9.11,470,9.12,322,B
SZ,000002,2013-7-29,10:28:16,9.08,469,512022,425600,9.07,1225,9.06,2238,9.05,2747,9.04,1738,9.03,1036,9.08,899,9.09,253,9.10,250,9.11,470,9.12,318,B
SZ,000002,2013-7-29,10:28:25,9.05,6268,518290,5676832,9.04,1738,9.03,1036,9.02,4072,9.01,3154,9.00,14892,9.05,1854,9.07,528,9.08,887,9.09,273,9.10,255,S
SZ,000002,2013-7-29,10:28:30,9.05,459,518749,415392,9.04,1733,9.03,1036,9.02,4128,9.01,3154,9.00,14995,9.05,1395,9.07,528,9.08,777,9.09,273,9.10,255,B
SZ,000002,2013-7-29,10:28:34,9.05,80,518829,72416,9.04,1733,9.03,1036,9.02,4128,9.01,3154,9.00,14973,9.05,1315,9.07,528,9.08,1927,9.09,273,9.10,383,B
SZ,000002,2013-7-29,10:28:40,9.05,36,518865,32576,9.04,1746,9.03,1036,9.02,4128,9.01,3156,9.00,14973,9.05,1409,9.07,528,9.08,1927,9.09,273,9.10,403,B
SZ,000002,2013-7-29,10:28:46,9.04,1670,520535,1511840,9.05,5,9.04,1639,9.03,1032,9.02,4128,9.01,3156,9.07,507,9.08,1927,9.09,273,9.10,451,9.11,470,S
SZ,000002,2013-7-29,10:28:55,9.06,10,520545,9056,9.05,2073,9.04,1725,9.03,1132,9.02,4128,9.01,3166,9.06,6,9.07,507,9.08,1931,9.09,383,9.10,486,B
SZ,000002,2013-7-29,10:29:01,9.08,1000,521545,907488,9.05,3108,9.04,1624,9.03,1140,9.02,4128,9.01,3166,9.07,80,9.08,1444,9.09,383,9.10,476,9.11,470,B
SZ,000002,2013-7-29,10:29:10,9.08,130,521675,117952,9.06,70,9.05,3123,9.04,1632,9.03,1140,9.02,4134,9.08,1445,9.09,383,9.10,487,9.11,470,9.12,305,B
SZ,000002,2013-7-29,10:29:19,9.06,16,521691,14688,9.06,757,9.05,3241,9.04,1683,9.03,1155,9.02,4134,9.07,30,9.08,1445,9.09,383,9.10,487,9.11,470,S
SZ,000002,2013-7-29,10:29:22,9.06,57,521748,50880,9.06,723,9.05,3241,9.04,1695,9.03,1160,9.02,4134,9.07,14,9.08,1445,9.09,383,9.10,487,9.11,470,B
SZ,000002,2013-7-29,10:29:28,9.07,29,521777,26304,9.07,96,9.06,722,9.05,3299,9.04,1695,9.03,1160,9.08,1449,9.09,383,9.10,487,9.11,470,9.12,304,B
SZ,000002,2013-7-29,10:29:34,9.08,554,522331,502912,9.06,882,9.05,3320,9.04,1748,9.03,1170,9.02,4137,9.08,995,9.09,373,9.10,487,9.11,470,9.12,326,B
SZ,000002,2013-7-29,10:29:40,9.06,10,522341,9056,9.06,893,9.05,3335,9.04,1748,9.03,1323,9.02,4140,9.07,10,9.08,944,9.09,412,9.10,487,9.11,470,S
SZ,000002,2013-7-29,10:29:43,9.06,1,522342,928,9.06,892,9.05,3337,9.04,1748,9.03,1323,9.02,4140,9.07,10,9.08,944,9.09,412,9.10,497,9.11,470,B
SZ,000002,2013-7-29,10:30:01,9.06,2026,524368,1841216,9.06,928,9.05,1390,9.04,1738,9.03,1343,9.02,4141,9.07,15,9.10,167,9.11,470,9.12,326,9.13,157,B
SZ,000002,2013-7-29,10:30:04,9.07,15,524383,13600,9.07,35,9.06,833,9.05,1390,9.04,1740,9.03,1346,9.10,167,9.11,470,9.12,326,9.13,167,9.14,298,B
SZ,000002,2013-7-29,10:30:13,9.07,1179,525562,1068352,9.06,225,9.05,1300,9.04,1750,9.03,1347,9.02,4176,9.07,252,9.10,667,9.11,470,9.12,326,9.13,167,B
SZ,000002,2013-7-29,10:30:19,9.07,99,525661,89760,9.06,183,9.05,1302,9.04,1759,9.03,1347,9.02,4183,9.07,205,9.09,100,9.10,667,9.11,470,9.12,326,B
SZ,000002,2013-7-29,10:30:25,9.07,29,525690,26304,9.06,184,9.05,1308,9.04,1789,9.03,1352,9.02,4183,9.07,216,9.09,640,9.10,906,9.11,470,9.12,326,B
SZ,000002,2013-7-29,10:30:34,9.07,68,525758,61664,9.06,252,9.05,1429,9.04,1814,9.03,1352,9.02,4178,9.07,168,9.09,605,9.10,962,9.11,470,9.12,336,B
SZ,000002,2013-7-29,10:30:40,9.06,98,525856,88800,9.06,182,9.05,1429,9.04,1836,9.03,1352,9.02,4178,9.07,304,9.09,625,9.10,1007,9.11,470,9.12,336,S
SZ,000002,2013-7-29,10:30:43,9.06,282,526138,255488,9.06,19,9.05,1434,9.04,1836,9.03,1352,9.02,4180,9.07,214,9.09,625,9.10,1007,9.11,470,9.12,336,B
SZ,000002,2013-7-29,10:30:49,9.07,121,526259,109632,9.05,1464,9.04,1841,9.03,1363,9.02,4185,9.01,3264,9.07,59,9.09,625,9.10,1007,9.11,470,9.12,336,B
SZ,000002,2013-7-29,10:31:04,9.07,180,526439,162624,9.06,61,9.05,1373,9.04,1829,9.03,1373,9.02,4198,9.07,137,9.08,499,9.09,628,9.10,1236,9.11,470,B
SZ,000002,2013-7-29,10:31:13,9.07,100,526539,90720,9.06,156,9.05,1380,9.04,1829,9.03,1385,9.02,4198,9.07,837,9.08,499,9.09,638,9.10,451,9.11,464,B
SZ,000002,2013-7-29,10:31:19,9.06,17,526556,14848,9.06,203,9.05,1463,9.04,1829,9.03,1385,9.02,4198,9.07,857,9.08,499,9.09,638,9.10,451,9.11,464,S
SZ,000002,2013-7-29,10:31:25,9.07,374,526930,339296,9.06,201,9.05,1523,9.04,1829,9.03,1385,9.02,4198,9.07,526,9.08,499,9.09,638,9.10,451,9.11,464,B
SZ,000002,2013-7-29,10:31:28,9.07,15,526945,13600,9.06,202,9.05,1563,9.04,1829,9.03,1385,9.02,4198,9.07,511,9.08,499,9.09,638,9.10,424,9.11,464,B
SZ,000002,2013-7-29,10:31:34,9.07,2,526947,1824,9.06,231,9.05,1590,9.04,1829,9.03,1383,9.02,4217,9.07,509,9.08,499,9.09,638,9.10,458,9.11,464,B
SZ,000002,2013-7-29,10:31:43,9.07,41,526988,37184,9.06,245,9.05,1638,9.04,1833,9.03,1388,9.02,4217,9.07,820,9.08,499,9.09,583,9.10,613,9.11,469,B
SZ,000002,2013-7-29,10:31:46,9.07,26,527014,23584,9.06,314,9.05,2238,9.04,1833,9.03,1389,9.02,4217,9.07,794,9.08,499,9.09,573,9.10,623,9.11,469,B
SZ,000002,2013-7-29,10:31:49,9.05,905,527919,819392,9.05,1702,9.04,1833,9.03,1389,9.02,4217,9.01,3350,9.07,375,9.08,499,9.09,573,9.10,647,9.11,479,S
SZ,000002,2013-7-29,10:32:01,9.06,142,528061,128800,9.05,1709,9.04,1833,9.03,1389,9.02,4217,9.01,3340,9.06,4,9.07,244,9.08,554,9.09,992,9.10,647,B
SZ,000002,2013-7-29,10:32:07,9.04,2095,530156,1895616,9.04,1415,9.03,1389,9.02,4217,9.01,3340,9.00,15689,9.06,15,9.07,226,9.08,55,9.09,33,9.10,642,S
SZ,000002,2013-7-29,10:32:10,9.06,5,530161,4544,9.04,1415,9.03,1389,9.02,4217,9.01,3340,9.00,15724,9.06,10,9.07,246,9.08,55,9.09,33,9.10,642,B
SZ,000002,2013-7-29,10:32:16,9.07,14,530175,12576,9.06,15,9.05,310,9.04,1415,9.03,1389,9.02,4217,9.07,243,9.08,55,9.09,23,9.10,642,9.11,479,B
SZ,000002,2013-7-29,10:32:24,9.07,190,530365,172384,9.06,155,9.05,619,9.04,1579,9.03,1428,9.02,4217,9.07,112,9.08,55,9.09,23,9.10,642,9.11,479,B
SZ,000002,2013-7-29,10:32:31,9.07,39,530404,35392,9.06,228,9.05,719,9.04,1647,9.03,1428,9.02,4217,9.07,73,9.08,55,9.09,23,9.10,642,9.11,479,B
SZ,000002,2013-7-29,10:32:40,9.07,190,530594,172320,9.06,248,9.05,762,9.04,1755,9.03,1428,9.02,4217,9.07,596,9.08,55,9.09,23,9.10,742,9.11,479,B
SZ,000002,2013-7-29,10:32:43,9.07,17,530611,15424,9.06,248,9.05,762,9.04,1755,9.03,1428,9.02,4217,9.07,579,9.08,55,9.09,33,9.10,742,9.11,479,B
SZ,000002,2013-7-29,10:32:49,9.07,233,530844,211488,9.06,231,9.05,885,9.04,1661,9.03,1385,9.02,4217,9.07,363,9.08,55,9.09,33,9.10,742,9.11,479,B
SZ,000002,2013-7-29,10:32:55,9.07,100,530944,90688,9.06,266,9.05,941,9.04,1661,9.03,1385,9.02,4217,9.07,263,9.08,55,9.09,33,9.10,842,9.11,479,B
SZ,000002,2013-7-29,10:33:01,9.07,291,531235,263680,9.07,18,9.06,444,9.05,693,9.04,1661,9.03,1385,9.08,55,9.09,33,9.10,1057,9.11,694,9.12,359,B
SZ,000002,2013-7-29,10:33:13,9.07,50,531285,45344,9.07,187,9.06,533,9.05,823,9.04,1661,9.03,1385,9.09,90,9.10,1057,9.11,694,9.12,359,9.13,157,B
SZ,000002,2013-7-29,10:33:19,9.07,2,531287,1888,9.07,343,9.06,514,9.05,834,9.04,1661,9.03,1385,9.08,15,9.09,138,9.10,1157,9.11,694,9.12,359,B
SZ,000002,2013-7-29,10:33:25,9.08,44,531331,40032,9.07,382,9.06,513,9.05,844,9.04,1661,9.03,1385,9.08,11,9.09,188,9.10,1157,9.11,694,9.12,359,B
SZ,000002,2013-7-29,10:33:30,9.08,12,531343,10720,9.08,14,9.07,570,9.06,933,9.05,841,9.04,1662,9.09,388,9.10,1157,9.11,694,9.12,359,9.13,157,B
SZ,000002,2013-7-29,10:33:34,9.06,658,532001,596768,9.06,874,9.05,872,9.04,1662,9.03,1435,9.02,4133,9.08,5,9.09,388,9.10,942,9.11,479,9.12,359,S
SZ,000002,2013-7-29,10:33:43,9.06,76,532077,68960,9.06,836,9.05,876,9.04,1618,9.03,1445,9.02,4136,9.09,376,9.10,942,9.11,479,9.12,359,9.13,157,B
SZ,000002,2013-7-29,10:33:46,9.07,10,532087,9088,9.06,892,9.05,876,9.04,1618,9.03,1445,9.02,4080,9.07,59,9.09,337,9.10,942,9.11,479,9.12,359,B
SZ,000002,2013-7-29,10:33:57,9.09,97,532184,88000,9.08,39,9.07,10,9.06,963,9.05,923,9.04,1618,9.09,372,9.10,979,9.11,469,9.12,359,9.13,157,B
SZ,000002,2013-7-29,10:34:01,9.05,1961,534145,1776096,9.04,1618,9.03,1449,9.02,4080,9.01,3435,9.00,15788,9.05,1038,9.09,372,9.10,979,9.11,469,9.12,364,S
SZ,000002,2013-7-29,10:34:07,9.05,150,534295,135744,9.04,1568,9.03,1449,9.02,4080,9.01,3435,9.00,15783,9.05,888,9.08,100,9.09,1079,9.10,979,9.11,469,B
SZ,000002,2013-7-29,10:34:12,9.05,42,534337,38016,9.04,1568,9.03,1449,9.02,4082,9.01,3445,9.00,15803,9.05,846,9.08,110,9.09,1084,9.10,969,9.11,469,B
SZ,000002,2013-7-29,10:34:19,9.05,49,534386,44352,9.04,1643,9.03,1449,9.02,4082,9.01,3446,9.00,15813,9.05,797,9.08,120,9.09,1084,9.10,970,9.11,469,B
SZ,000002,2013-7-29,10:34:28,9.05,605,534991,547552,9.04,1586,9.03,1449,9.02,4082,9.01,4342,9.00,15940,9.05,249,9.07,12,9.08,220,9.09,1134,9.10,870,B
SZ,000002,2013-7-29,10:34:31,9.05,250,535241,226016,9.05,178,9.04,1591,9.03,1449,9.02,4082,9.01,4342,9.07,12,9.08,220,9.09,1134,9.10,841,9.11,469,B
SZ,000002,2013-7-29,10:34:49,9.07,90,535331,81568,9.07,0,9.06,96,9.05,1618,9.04,1501,9.03,1518,9.08,297,9.09,1303,9.10,817,9.11,474,9.12,364,B
SZ,000002,2013-7-29,10:34:55,9.05,25,535356,22624,9.07,78,9.05,1343,9.04,1551,9.03,1518,9.02,4078,9.08,404,9.09,1203,9.10,817,9.11,494,9.12,364,S
SZ,000002,2013-7-29,10:35:04,9.08,88,535444,79904,9.07,245,9.06,1,9.05,1375,9.04,1566,9.03,1509,9.08,276,9.09,1203,9.10,817,9.11,494,9.12,372,B
SZ,000002,2013-7-29,10:35:10,9.07,4,535448,3648,9.07,253,9.06,1,9.05,1550,9.04,1566,9.03,1516,9.08,276,9.09,1203,9.10,817,9.11,494,9.12,372,S
SZ,000002,2013-7-29,10:35:19,9.08,39,535487,35392,9.07,253,9.06,42,9.05,1797,9.04,1591,9.03,1517,9.08,237,9.09,1203,9.10,835,9.11,494,9.12,372,B
SZ,000002,2013-7-29,10:35:25,9.05,2139,537626,1936640,9.04,1591,9.03,1517,9.02,4080,9.01,4363,9.00,16154,9.05,860,9.07,40,9.08,237,9.09,1203,9.10,835,S
SZ,000002,2013-7-29,10:35:28,9.05,23,537649,20832,9.04,1591,9.03,1528,9.02,4080,9.01,4368,9.00,16161,9.05,837,9.07,40,9.08,2285,9.09,1203,9.10,835,B
SZ,000002,2013-7-29,10:35:34,9.05,89,537738,80544,9.04,1591,9.03,1531,9.02,4080,9.01,4368,9.00,16187,9.05,748,9.07,140,9.08,2335,9.09,1103,9.10,835,B
SZ,000002,2013-7-29,10:35:40,9.05,221,537959,200000,9.04,1590,9.03,1547,9.02,4080,9.01,4356,9.00,16212,9.05,528,9.07,140,9.08,2337,9.09,1103,9.10,835,B
SZ,000002,2013-7-29,10:35:43,9.05,529,538488,478432,9.06,5,9.05,126,9.04,1594,9.03,1547,9.02,4080,9.07,190,9.08,2337,9.09,1103,9.10,835,9.11,494,B
SZ,000002,2013-7-29,10:35:58,9.06,11,538499,9984,9.06,22,9.05,265,9.04,1612,9.03,1639,9.02,4080,9.07,285,9.08,2290,9.09,1083,9.10,867,9.11,494,B
SZ,000002,2013-7-29,10:36:00,9.07,132,538631,119712,9.06,23,9.05,465,9.04,1624,9.03,1639,9.02,4080,9.07,153,9.08,2290,9.09,1083,9.10,867,9.11,494,B
SZ,000002,2013-7-29,10:36:09,9.06,59,538690,53472,9.06,53,9.05,1151,9.04,1709,9.03,2314,9.02,4103,9.07,147,9.08,2290,9.09,1083,9.10,870,9.11,494,S
SZ,000002,2013-7-29,10:36:13,9.07,167,538857,151584,9.07,110,9.06,63,9.05,1157,9.04,1679,9.03,2314,9.08,2290,9.09,883,9.10,870,9.11,494,9.12,374,B
SZ,000002,2013-7-29,10:36:19,9.07,38,538895,34464,9.07,72,9.06,16,9.05,1283,9.04,1683,9.03,2314,9.08,2290,9.09,883,9.10,870,9.11,494,9.12,374,B
SZ,000002,2013-7-29,10:36:25,9.07,40,538935,36384,9.07,94,9.06,31,9.05,1346,9.04,1683,9.03,2316,9.08,2290,9.09,883,9.10,870,9.11,494,9.12,374,B
SZ,000002,2013-7-29,10:36:34,9.08,2338,541273,2122880,9.08,2698,9.07,59,9.06,31,9.05,2092,9.04,1693,9.09,883,9.10,1214,9.11,494,9.12,374,9.13,157,B
SZ,000002,2013-7-29,10:36:43,9.08,52,541325,47200,9.08,2702,9.07,39,9.06,341,9.05,2132,9.04,1693,9.09,883,9.10,1192,9.11,494,9.12,374,9.13,157,B
SZ,000002,2013-7-29,10:36:48,9.08,9,541334,8192,9.08,2712,9.07,44,9.06,396,9.05,2149,9.04,1689,9.09,881,9.10,1192,9.11,494,9.12,374,9.13,167,B
SZ,000002,2013-7-29,10:36:55,9.08,10,541344,9056,9.08,2722,9.07,47,9.06,421,9.05,2204,9.04,1689,9.09,881,9.10,848,9.11,494,9.12,374,9.13,167,B
SZ,000002,2013-7-29,10:37:01,9.09,77,541421,69984,9.08,2681,9.07,47,9.06,421,9.05,2232,9.04,1689,9.09,837,9.10,879,9.11,494,9.12,374,9.13,167,B
SZ,000002,2013-7-29,10:37:13,9.09,72,541493,65440,9.08,2686,9.07,47,9.06,476,9.05,2328,9.04,1689,9.09,736,9.10,857,9.11,494,9.12,374,9.13,177,B
SZ,000002,2013-7-29,10:37:19,9.09,57,541550,51808,9.08,2696,9.07,54,9.06,476,9.05,2368,9.04,1557,9.09,724,9.10,855,9.11,494,9.12,374,9.13,177,B
SZ,000002,2013-7-29,10:37:25,9.09,68,541618,61888,9.08,2625,9.07,54,9.06,480,9.05,2369,9.04,1557,9.09,696,9.10,855,9.11,494,9.12,356,9.13,177,B
SZ,000002,2013-7-29,10:37:28,9.08,146,541764,132640,9.08,3641,9.07,59,9.06,480,9.05,2369,9.04,1557,9.09,855,9.10,855,9.11,494,9.12,356,9.13,177,S
SZ,000002,2013-7-29,10:37:37,9.09,228,541992,207232,9.08,3653,9.07,52,9.06,480,9.05,2369,9.04,1544,9.09,654,9.10,1321,9.11,474,9.12,376,9.13,177,B
SZ,000002,2013-7-29,10:37:43,9.09,159,542151,144384,9.08,3533,9.07,52,9.06,480,9.05,2394,9.04,1544,9.09,684,9.10,1302,9.11,474,9.12,376,9.13,177,B
SZ,000002,2013-7-29,10:37:49,9.09,547,542698,496896,9.08,3207,9.07,52,9.06,483,9.05,2399,9.04,1544,9.09,566,9.10,1302,9.11,474,9.12,376,9.13,177,B
SZ,000002,2013-7-29,10:37:55,9.09,256,542954,232480,9.08,2969,9.07,97,9.06,483,9.05,2433,9.04,1545,9.09,474,9.10,1284,9.11,474,9.12,376,9.13,177,B
SZ,000002,2013-7-29,10:37:57,9.08,76,543030,68992,9.08,2879,9.07,97,9.06,483,9.05,2455,9.04,1535,9.09,724,9.10,1284,9.11,474,9.12,381,9.13,177,S
SZ,000002,2013-7-29,10:38:04,9.09,249,543279,226336,9.08,2854,9.07,128,9.06,483,9.05,2455,9.04,1551,9.09,567,9.10,1284,9.11,474,9.12,381,9.13,182,B
SZ,000002,2013-7-29,10:38:07,9.08,138,543417,125280,9.08,2716,9.07,166,9.06,483,9.05,2455,9.04,1555,9.09,517,9.10,1284,9.11,474,9.12,381,9.13,182,S
SZ,000002,2013-7-29,10:38:13,9.09,144,543561,130912,9.08,2706,9.07,166,9.06,497,9.05,2455,9.04,1560,9.09,405,9.10,1385,9.11,474,9.12,381,9.13,182,B
SZ,000002,2013-7-29,10:38:19,9.08,86,543647,78112,9.08,2696,9.07,167,9.06,487,9.05,2455,9.04,1540,9.09,373,9.10,1390,9.11,481,9.12,381,9.13,182,S
SZ,000002,2013-7-29,10:38:25,9.08,540,544187,490528,9.08,2377,9.07,167,9.06,487,9.05,2456,9.04,1550,9.09,279,9.10,1390,9.11,481,9.12,381,9.13,172,B
SZ,000002,2013-7-29,10:38:28,9.09,20,544207,18208,9.08,2410,9.07,167,9.06,473,9.05,2461,9.04,1550,9.09,259,9.10,1390,9.11,481,9.12,381,9.13,172,B
SZ,000002,2013-7-29,10:38:34,9.09,16,544223,14528,9.08,2412,9.07,167,9.06,606,9.05,2471,9.04,1560,9.09,253,9.10,1390,9.11,481,9.12,381,9.13,172,B
SZ,000002,2013-7-29,10:38:39,9.09,15,544238,13632,9.08,2411,9.07,136,9.06,606,9.05,2473,9.04,1560,9.09,274,9.10,1390,9.11,481,9.12,381,9.13,172,B
SZ,000002,2013-7-29,10:38:46,9.09,26,544264,23648,9.08,2411,9.07,136,9.06,719,9.05,2473,9.04,1560,9.09,288,9.10,1390,9.11,481,9.12,601,9.13,172,B
SZ,000002,2013-7-29,10:38:55,9.09,57,544321,51776,9.08,2455,9.07,136,9.06,719,9.05,2476,9.04,1560,9.09,381,9.10,1390,9.11,481,9.12,601,9.13,172,B
SZ,000002,2013-7-29,10:38:58,9.09,6,544327,5440,9.08,2457,9.07,136,9.06,716,9.05,2476,9.04,1560,9.09,395,9.10,1390,9.11,481,9.12,601,9.13,172,B
SZ,000002,2013-7-29,10:39:16,9.08,178,544505,161760,9.08,2368,9.07,136,9.06,738,9.05,2506,9.04,1561,9.09,256,9.10,1774,9.11,491,9.12,601,9.13,164,S
SZ,000002,2013-7-29,10:39:19,9.09,1,544506,928,9.08,2373,9.07,136,9.06,738,9.05,2506,9.04,1561,9.09,255,9.10,1774,9.11,491,9.12,601,9.13,164,B
SZ,000002,2013-7-29,10:39:25,9.09,47,544553,42784,9.08,2333,9.07,132,9.06,789,9.05,2507,9.04,1546,9.09,245,9.10,1774,9.11,491,9.12,601,9.13,164,B
SZ,000002,2013-7-29,10:39:31,9.09,266,544819,241280,9.09,81,9.08,2333,9.07,132,9.06,802,9.05,2524,9.10,1774,9.11,491,9.12,604,9.13,164,9.14,245,B
SZ,000002,2013-7-29,10:39:33,9.09,30,544849,27264,9.09,57,9.08,2335,9.07,132,9.06,802,9.05,2524,9.10,1774,9.11,491,9.12,604,9.13,164,9.14,245,B
SZ,000002,2013-7-29,10:39:45,9.09,95,544944,86368,9.09,14,9.08,2405,9.07,134,9.06,802,9.05,2524,9.10,1774,9.11,493,9.12,603,9.13,164,9.14,245,B
SZ,000002,2013-7-29,10:39:55,9.10,948,545892,862656,9.09,39,9.08,2422,9.07,132,9.06,802,9.05,2544,9.10,831,9.11,493,9.12,603,9.13,164,9.14,245,B
SZ,000002,2013-7-29,10:39:58,9.09,40,545932,36864,9.08,2422,9.07,132,9.06,802,9.05,2546,9.04,1544,9.09,26,9.10,831,9.11,493,9.12,603,9.13,164,S
